
@inproceedings{bergmann2019tracking,
	title={Tracking without bells and whistles},
	author={Bergmann, Philipp and Meinhardt, Tim and Leal-Taixe, Laura},
	booktitle={Proceedings of the IEEE/CVF International Conference on Computer Vision},
	pages={941--951},
	year={2019}
}

@article{nishimura2021sdof,
	title={SDOF-Tracker: Fast and Accurate Multiple Human Tracking by Skipped-Detection and Optical-Flow},
	author={Nishimura, Hitoshi and Komorita, Satoshi and Kawanishi, Yasutomo and Murase, Hiroshi},
	journal={arXiv preprint arXiv:2106.14259},
	year={2021}
}

@article{urbann2021online,
	title={Online and Real-Time Tracking in a Surveillance Scenario},
	author={Urbann, Oliver and Bredtmann, Oliver and Otten, Maximilian and Richter, Jan-Philip and Bauer, Thilo and Zibriczky, David},
	journal={arXiv preprint arXiv:2106.01153},
	year={2021}
}

@phdthesis{motion_doc,
	title={基于背景抑制和运动模型的在线视觉目标跟踪方法研究},
	author={吴成龙},
	school={中国科学院大学},
}

@article{eye_movement_swap,
	title={多用户眼动跟踪数据的可视化共享与协同交互},
	author={程时伟 and 沈哓权 and 孙凌云 and 胡屹凛},
	journal={软件学报},
	volume={30},
	number={10},
	pages={17},
	year={2019},
}

@article{block_mot,
	title={多模型协作的分块目标跟踪},
	author={刘明华 and 汪传生 and 胡强 and 王传旭 and 崔雪红},
	journal={软件学报},
	number={2},
	pages={20},
	year={2020},
}

@article{twin_net,
	title={基于孪生网络的多目标跟踪算法},
	author={卢锦亮},
	journal={科技创新与应用},
	volume={11},
	number={27},
	pages={6},
	year={2021},
}

@article{condition_field,
	title={基于联合条件随机场的移动机器人多目标跟踪},
	author={罗荣华 and 闵华清 and 林盛锋},
	journal={机器人},
	volume={33},
	number={3},
	pages={8},
	year={2011},
}

@article{net_flow,
	title={一种新的主动轮廓线跟踪算法},
	author={杨杨 and 张田文},
	journal={计算机学报},
	number={S1},
	pages={6},
	year={1998},
}


@article{optic_flow,
	title={视频中多线索的人脸特征检测与跟踪},
	author={庄莉 and 徐光档 and 艾海舟 and 梁路宏 and 彭振云},
	journal={计算机学报},
	volume={26},
	number={2},
	pages={8},
	year={2003},
}

@article{multi_hypo,
	title={基于概率假设密度滤波方法的多目标跟踪技术综述},
	author={杨峰 and 王永齐 and 梁彦 and 潘泉},
	journal={自动化学报},
	volume={39},
	number={11},
	pages={13},
	year={2013},
}

@phdthesis{mot_doc,
	title={基于深度学习的视频多目标跟踪算法研究},
	author={储琪},
	school={中国科学技术大学},
}

@article{chu2020dasot,
	title={DASOT: A Unified Framework Integrating Data Association and Single Object Tracking for Online Multi-Object Tracking},
	author={Chu, Qi and Ouyang, Wanli and Liu, Bin and Zhu, Feng and Yu, Nenghai},
	journal={AAAI},
	pages={10672--10679},
	year={2020}
}

@article{baisa2021occlusion,
	title={Occlusion-robust online multi-object visual tracking using a GM-PHD filter with CNN-based re-identification},
	author={Baisa, Nathanael L},
	journal={Journal of Visual Communication and Image Representation},
	volume={80},
	pages={103279},
	year={2021},
	publisher={Elsevier}
}

@inproceedings{2019Online,
	title={Online Multi-object Visual Tracking using a GM-PHD Filter with Deep Appearance Learning},
	author={ Baisa, N. L. },
	booktitle={22nd International Conference on Information Fusion},
	year={2019},
}

@article{van2008visualizing,
	title={Visualizing data using t-SNE.},
	author={Van der Maaten, Laurens and Hinton, Geoffrey},
	journal={Journal of machine learning research},
	volume={9},
	number={11},
	year={2008}
}

@article{car_plan_11,
	title={11部门联合发布《智能汽车创新发展战略》},
	author={田野},
	journal={智能网联汽车},
	number={2},
	pages={2},
	year={2020},
}

@article{new_ai_plan,
	title={新一代人工智能发展规划},
	journal={科技创新与生产力},
	number={4},
	pages={52-66},
	year={2017},
}

@article{dendorfer2020mot20,
	title={Mot20: A benchmark for multi object tracking in crowded scenes},
	author={Dendorfer, Patrick and Rezatofighi, Hamid and Milan, Anton and Shi, Javen and Cremers, Daniel and Reid, Ian and Roth, Stefan and Schindler, Konrad and Leal-Taix{\'e}, Laura},
	journal={arXiv preprint arXiv:2003.09003},
	year={2020}
}

@inproceedings{abadi2015tensorflow,
	title={$\{$TensorFlow$\}$: A System for $\{$Large-Scale$\}$ Machine Learning},
	author={Abadi, Mart{\'\i}n and Barham, Paul and Chen, Jianmin and Chen, Zhifeng and Davis, Andy and Dean, Jeffrey and Devin, Matthieu and Ghemawat, Sanjay and Irving, Geoffrey and Isard, Michael and others},
	booktitle={12th USENIX symposium on operating systems design and implementation (OSDI 16)},
	pages={265--283},
	year={2016}
}


@inproceedings{hsu2022multi,
	title={Multi-Target Multi-Camera Tracking of Vehicles by Graph Auto-Encoder and Self-Supervised Camera Link Model},
	author={Hsu, Hung-Min and Wang, Yizhou and Cai, Jiarui and Hwang, Jenq-Neng},
	booktitle={Proceedings of the IEEE/CVF Winter Conference on Applications of Computer Vision},
	pages={489--499},
	year={2022}
}

@article{baisa2021robust,
	title={Robust online multi-target visual tracking using a HISP filter with discriminative deep appearance learning},
	author={Baisa, Nathanael L},
	journal={Journal of Visual Communication and Image Representation},
	volume={77},
	pages={102952},
	year={2021},
	publisher={Elsevier}
}

@article{ke2021prototypical,
	title={Prototypical Cross-Attention Networks for Multiple Object Tracking and Segmentation},
	author={Ke, Lei and Li, Xia and Danelljan, Martin and Tai, Yu-Wing and Tang, Chi-Keung and Yu, Fisher},
	journal={Advances in Neural Information Processing Systems},
	volume={34},
	year={2021}
}

@inproceedings{kim2021discriminative,
	title={Discriminative appearance modeling with multi-track pooling for real-time multi-object tracking},
	author={Kim, Chanho and Fuxin, Li and Alotaibi, Mazen and Rehg, James M},
	booktitle={Proceedings of the IEEE/CVF Conference on Computer Vision and Pattern Recognition},
	pages={9553--9562},
	year={2021}
}

@article{paszke2019pytorch,
	title={PyTorch - An Imperative Style, High-Performance Deep Learning Library},
	author={Paszke, Adam and Gross, Sam and Massa, Francisco and Lerer, Adam and Bradbury, James and Chanan, Gregory and Killeen, Trevor and Lin, Zeming and Gimelshein, Natalia and Antiga, Luca and Desmaison, Alban and Köpf, Andreas and Yang, Edward and DeVito, Zachary and Raison, Martin and Tejani, Alykhan and Chilamkurthy, Sasank and Steiner, Benoit and Fang, Lu and Bai, Junjie and Chintala, Soumith},
	journal={NeurIPS},
	pages={8024--8035},
	year={2019}
}


@article{abadi2016tensorflow,
	title={TensorFlow: A system for large-scale machine learning},
	author={Abadi, Martín and Barham, Paul and Chen, Jianmin and Chen, Zhifeng and Davis, Andy and Dean, Jeffrey and Devin, Matthieu and Ghemawat, Sanjay and Irving, Geoffrey and Isard, Michael and Kudlur, Manjunath and Levenberg, Josh and Monga, Rajat and Moore, Sherry and Murray, Gordon Derek and Steiner, Benoit and Tucker, A. Paul and Vasudevan, Vijay and Warden, Pete and Wicke, Martin and Yu, Yuan and Zhang, Xiaoqiang},
	journal={OSDI},
	pages={265--283},
	year={2016}
}

@techreport{schmidt2021national,
	title={National security commission on artificial intelligence (AI)},
	author={Schmidt, Eric and Work, Bob and Catz, Safra and Chien, Steve and Darby, Chris and Ford, Kenneth and Griffiths, Jose-Marie and Horvitz, Eric and Jassy, Andrew and Mark, William and others},
	year={2021},
	institution={National Security Commission on Artificial Intellegence}
}

@article{mot15,
	title={MOTChallenge 2015: Towards a Benchmark for Multi-Target Tracking},
	author={Leal-Taixé, Laura and Milan, Anton and Reid, D. Ian and Roth, Stefan and Schindler, Konrad},
	journal={CoRR},
	year={2015}
}

@article{luo2019teleoperation,
	title={A teleoperation framework for mobile robots based on shared control},
	author={Luo, Jing and Lin, Zhidong and Li, Yanan and Yang, Chenguang},
	journal={IEEE Robotics and Automation Letters},
	volume={5},
	number={2},
	pages={377--384},
	year={2019},
	publisher={IEEE}
}

@article{gordon2017re3,
	title={Re3 : Real-Time Recurrent Regression Networks for Object Tracking},
	author={Gordon, Daniel and Farhadi, Ali and Fox, Dieter},
	journal={CoRR},
	year={2017}
}

@article{su2020improved,
	title={Improved recurrent neural network-based manipulator control with remote center of motion constraints: Experimental results},
	author={Su, Hang and Hu, Yingbai and Karimi, Hamid Reza and Knoll, Alois and Ferrigno, Giancarlo and De Momi, Elena},
	journal={Neural Networks},
	volume={131},
	pages={291--299},
	year={2020},
	publisher={Elsevier}
}

@article{karl2017deep,
	title={Deep Variational Bayes Filters: Unsupervised Learning of State Space Models from Raw Data},
	author={Karl, Maximilian and Sölch, Maximilian and Bayer, Justin and Smagt, van der Patrick},
	journal={international conference on learning representations},
	year={2017}
}

@article{stollenga2014deep,
	title={Deep Networks with Internal Selective Attention through Feedback Connections},
	author={Stollenga, Marijn and Masci, Jonathan and Gomez, J. Faustino and Schmidhuber, Jürgen},
	journal={ADVANCES IN NEURAL INFORMATION PROCESSING SYSTEMS 27 (NIPS 2014)},
	pages={3545--3553},
	year={2014}
}

@article{draw,
	title={DRAW: A Recurrent Neural Network For Image Generation},
	author={Gregor, Karol and Danihelka, Ivo and Graves, Alex and Rezende, Jimenez Danilo and Wierstra, Daan},
	journal={International Conference on Machine Learning},
	pages={1462--1471},
	year={2015}
}

@article{mnih2014recurrent,
	title={Recurrent Models of Visual Attention},
	author={Mnih, Volodymyr and Heess, Nicolas and Graves, Alex and Kavukcuoglu, Koray},
	journal={Advances in neural information processing systems},
	pages={2204--2212},
	year={2014}
}

@article{schrimpf2020integrative,
	title={Integrative Benchmarking to Advance Neurally Mechanistic Models of Human Intelligence},
	author={Schrimpf, Martin and Kubilius, Jonas and Lee, J Michael and Murty, Apurva Ratan N and Ajemian, Robert and DiCarlo, J James},
	journal={Neuron},
	pages={413--423},
	year={2020}
}

@article{felzenszwalb2009object,
	title={Object detection with discriminatively trained part-based models},
	author={Felzenszwalb, Pedro F and Girshick, Ross B and McAllester, David and Ramanan, Deva},
	journal={IEEE transactions on pattern analysis and machine intelligence},
	volume={32},
	number={9},
	pages={1627--1645},
	year={2009},
	publisher={IEEE}
}

@inproceedings{Kornblith2018a,
	author = {Kornblith, Simon and Shlens, Jonathon and Le, Quoc V},
	title = {Do better imagenet models transfer better?},
	booktitle = {Proceedings of the IEEE conference on computer vision and pattern recognition},
	pages = {2661-2671},
	year = {2019},
	type = {Conference Proceedings}
}

@article{kashyap2018a,
	title={A Recurrent Neural Network Based Model of Predictive Smooth Pursuit Eye Movement in Primates},
	author={Kashyap, J. Hirak and Detorakis, Georgios and Dutt, D. Nikil and Krichmar, L. Jeffrey and Neftci, Emre},
	journal={IJCNN},
	pages={1--8},
	year={2018}
}

@article{b21,
	author = {Barnes, Graham R},
	title = {Cognitive processes involved in smooth pursuit eye movements},
	journal = {Brain and cognition},
	volume = {68},
	number = {3},
	pages = {309-326},
	ISSN = {0278-2626},
	year = {2008},
	type = {Journal Article}
}

@article{2002Principal,
	title={Principal Component Analysis},
	author={ Jolliffe, I. T. },
	journal={Journal of Marketing Research},
	volume={87},
	number={4},
	pages={513},
	year={2002},
}

@article{SchrimpfKubilius2018BrainScore,
	author = {Schrimpf, Martin and Kubilius, Jonas and Hong, Ha and Majaj, Najib J and Rajalingham, Rishi and Issa, Elias B and Kar, Kohitij and Bashivan, Pouya and Prescott-Roy, Jonathan and Schmidt, Kailyn},
	title = {Brain-score: Which artificial neural network for object recognition is most brain-like?},
	journal = {BioRxiv},
	pages = {407007},
	year = {2018},
	type = {Journal Article}
}

@article{purkinje_IDC,
	author = {Shidara, M and Kawano, K and Gomi, H and Kawato, M},
	title = {Inverse-dynamics model eye movement control by Purkinje cells in the cerebellum},
	journal = {Nature},
	volume = {365},
	number = {6441},
	pages = {50-52},
	ISSN = {0028-0836},
	year = {1993},
	type = {Journal Article}
}

@article{b9,
	author = {Shibata, Tomohiro and Tabata, Hiromitsu and Schaal, Stefan and Kawato, Mitsuo},
	title = {A model of smooth pursuit in primates based on learning the target dynamics},
	journal = {Neural Networks},
	volume = {18},
	number = {3},
	pages = {213-224},
	ISSN = {0893-6080},
	year = {2005},
	type = {Journal Article}
}

@article{brabandere2016dynamic,
	title={Dynamic Filter Networks},
	author={Brabandere, De Bert and Jia, Xu and Tuytelaars, Tinne and Gool, Van Luc},
	journal={ADVANCES IN NEURAL INFORMATION PROCESSING SYSTEMS 29 (NIPS 2016)},
	year={2016}
}

@article{hart,
	title={Hierarchical Attentive Recurrent Tracking},
	author={Kosiorek, R. Adam and Bewley, Alex and Posner, Ingmar},
	journal={ADVANCES IN NEURAL INFORMATION PROCESSING SYSTEMS 30 (NIPS 2017)},
	pages={3053--3061},
	year={2017}
}

@book{theoretical_neuroscience,
	author = {Dayan, Peter and Abbott, Laurence F},
	title = {Theoretical neuroscience: computational and mathematical modeling of neural systems},
	publisher = {Computational Neuroscience Series},
	ISBN = {0262541858},
	year = {2001},
	type = {Book}
}

@article{attention,
	author = {Ungerleider, Sabine Kastner and G, Leslie},
	title = {Mechanisms of visual attention in the human cortex},
	journal = {Annual review of neuroscience},
	volume = {23},
	number = {1},
	pages = {315-341},
	ISSN = {0147-006X},
	year = {2000},
	type = {Journal Article}
}

@inproceedings{benfold2009guiding,
	title={Guiding visual surveillance by tracking human attention.},
	author={Benfold, Ben and Reid, Ian},
	booktitle={BMVC},
	volume={2},
	number={6},
	pages={7},
	year={2009},
	organization={Citeseer}
}

@inproceedings{ferryman2009pets2009,
	title={Pets2009: Dataset and challenge},
	author={Ferryman, James and Shahrokni, Ali},
	booktitle={2009 Twelfth IEEE international workshop on performance evaluation of tracking and surveillance},
	pages={1--6},
	year={2009},
	organization={IEEE}
}

@inproceedings{andriluka2010monocular,
	title={Monocular 3d pose estimation and tracking by detection},
	author={Andriluka, Mykhaylo and Roth, Stefan and Schiele, Bernt},
	booktitle={2010 IEEE Computer Society Conference on Computer Vision and Pattern Recognition},
	pages={623--630},
	year={2010},
	organization={IEEE}
}

@inproceedings{ess2007depth,
	title={Depth and appearance for mobile scene analysis},
	author={Ess, Andreas and Leibe, Bastian and Van Gool, Luc},
	booktitle={2007 IEEE 11th international conference on computer vision},
	pages={1--8},
	year={2007},
	organization={IEEE}
}

@article{b13,
	author = {Fukushima, Kikuro and Yamanobe, Takanobu and Shinmei, Yasuhiro and Fukushima, Junko},
	title = {Predictive responses of periarcuate pursuit neurons to visual target motion},
	journal = {Experimental brain research},
	volume = {145},
	number = {1},
	pages = {104-120},
	ISSN = {0014-4819},
	year = {2002},
	type = {Journal Article}
}

@article{kubilius2018predict,
	author = {Kubilius, Jonas},
	title = {Predict, then simplify},
	journal = {NeuroImage},
	volume = {180},
	pages = {110-111},
	ISSN = {1053-8119},
	year = {2018},
	type = {Journal Article}
}

@article{yin2020deep,
	title={Deep learning for brain disorder diagnosis based on fMRI images},
	author={Yin, Wutao and Li, Longhai and Wu, Fang-Xiang},
	journal={Neurocomputing},
	year={2020}
}

@article{kar2019evidence,
	author = {Kar, Kohitij and Kubilius, Jonas and Schmidt, Kailyn and Issa, Elias B and DiCarlo, James J},
	title = {Evidence that recurrent circuits are critical to the ventral stream’s execution of core object recognition behavior},
	journal = {Nature neuroscience},
	volume = {22},
	number = {6},
	pages = {974-983},
	ISSN = {1546-1726},
	year = {2019},
	type = {Journal Article}
}

@article{TangSchrimpfLotter2018Recurrent,
	author = {Tang, Hanlin and Schrimpf, Martin and Lotter, William and Moerman, Charlotte and Paredes, Ana and Caro, Josue Ortega and Hardesty, Walter and Cox, David and Kreiman, Gabriel},
	title = {Recurrent computations for visual pattern completion},
	journal = {Proceedings of the National Academy of Sciences},
	volume = {115},
	number = {35},
	pages = {8835-8840},
	ISSN = {0027-8424},
	year = {2018},
	type = {Journal Article}
}

@article{szegedy2017inception,
	title={Inception-v4, Inception-ResNet and the Impact of Residual Connections on Learning},
	author={Szegedy, Christian and Ioffe, Sergey and Vanhoucke, Vincent},
	journal={THIRTY-FIRST AAAI CONFERENCE ON ARTIFICIAL INTELLIGENCE},
	pages={4278--4284},
	year={2017}
}

@article{szegedy2015going,
	title={Going Deeper with Convolutions},
	author={Szegedy, Christian and Liu, Wei and Jia, Yangqing and Sermanet, Pierre and Reed, E. Scott and Anguelov, Dragomir and Erhan, Dumitru and Vanhoucke, Vincent and Rabinovich, Andrew},
	journal={computer vision and pattern recognition},
	year={2015}
}

@article{ILSVRC15,
	author = {Russakovsky, Olga and Deng, Jia and Su, Hao and Krause, Jonathan and Satheesh, Sanjeev and Ma, Sean and Huang, Zhiheng and Karpathy, Andrej and Khosla, Aditya and Bernstein, Michael},
	title = {Imagenet large scale visual recognition challenge},
	journal = {International journal of computer vision},
	volume = {115},
	number = {3},
	pages = {211-252},
	ISSN = {0920-5691},
	year = {2015},
	type = {Journal Article}
}

@article{bashivan2019neural,
	author = {Bashivan, Pouya and Kar, Kohitij and DiCarlo, James J},
	title = {Neural population control via deep image synthesis},
	journal = {Science},
	volume = {364},
	number = {6439},
	ISSN = {0036-8075},
	year = {2019},
	type = {Journal Article}
}

@article{kubilius2016deep,
	author = {Kubilius, Jonas and Bracci, Stefania and Op de Beeck, Hans P},
	title = {Deep neural networks as a computational model for human shape sensitivity},
	journal = {PLoS computational biology},
	volume = {12},
	number = {4},
	pages = {e1004896},
	ISSN = {1553-734X},
	year = {2016},
	type = {Journal Article}
}

@article{rajalingham2018large,
	author = {Rajalingham, Rishi and Issa, Elias B and Bashivan, Pouya and Kar, Kohitij and Schmidt, Kailyn and DiCarlo, James J},
	title = {Large-scale, high-resolution comparison of the core visual object recognition behavior of humans, monkeys, and state-of-the-art deep artificial neural networks},
	journal = {Journal of Neuroscience},
	volume = {38},
	number = {33},
	pages = {7255-7269},
	ISSN = {0270-6474},
	year = {2018},
	type = {Journal Article}
}

@article{yamins2016using,
	author = {Yamins, Daniel LK and DiCarlo, James J},
	title = {Using goal-driven deep learning models to understand sensory cortex},
	journal = {Nature neuroscience},
	volume = {19},
	number = {3},
	pages = {356-365},
	ISSN = {1546-1726},
	year = {2016},
	type = {Journal Article}
}

@article{cichy2016deep,
	title={Deep Neural Networks predict Hierarchical Spatio-temporal Cortical Dynamics of Human Visual Object Recognition},
	author={cichy, martin radoslaw and khosla, aditya and pantazis, dimitrios and torralba, antonio and oliva, aude},
	journal={CoRR},
	year={2016}
}

@article{murugesan2017brain,
	title={Brain Modulyzer: Interactive Visual Analysis of Functional Brain Connectivity},
	author={Murugesan, Sugeerth and Bouchard, Kristopher and Brown, A. Jesse and Hamann, Bernd and Seeley, W. William and Trujillo, Andrew and Weber, H. Gunther},
	journal={IEEE/ACM Transactions on Computational Biology and Bioinformatics},
	pages={805--818},
	year={2017}
}

@article{gucclu2015deep,
	author = {Güçlü, Umut and van Gerven, Marcel AJ},
	title = {Deep neural networks reveal a gradient in the complexity of neural representations across the ventral stream},
	journal = {Journal of Neuroscience},
	volume = {35},
	number = {27},
	pages = {10005-10014},
	ISSN = {0270-6474},
	year = {2015},
	type = {Journal Article}
}

@article{khaligh2014deep,
	author = {Khaligh-Razavi, Seyed-Mahdi and Kriegeskorte, Nikolaus},
	title = {Deep supervised, but not unsupervised, models may explain IT cortical representation},
	journal = {PLoS computational biology},
	volume = {10},
	number = {11},
	pages = {e1003915},
	ISSN = {1553-734X},
	year = {2014},
	type = {Journal Article}
}

@article{yamins2014performance,
	author = {Yamins, Daniel LK and Hong, Ha and Cadieu, Charles F and Solomon, Ethan A and Seibert, Darren and DiCarlo, James J},
	title = {Performance-optimized hierarchical models predict neural responses in higher visual cortex},
	journal = {Proceedings of the National Academy of Sciences},
	volume = {111},
	number = {23},
	pages = {8619-8624},
	ISSN = {0027-8424},
	year = {2014},
	type = {Journal Article}
}

@inproceedings{Deng2009ImageNet,
	author = {Deng, Jia and Dong, Wei and Socher, R. and Li, Li Jia and Li, Kai and Li, Fei Fei},
	title = {ImageNet: A large-scale hierarchical image database},
	booktitle = {Computer Vision and Pattern Recognition, 2009. CVPR 2009. IEEE Conference on},
	pages = {248-255},
	year = {2009},
	type = {Conference Proceedings}
}

@article{kubilius2019brain-like,
	title={Brain-Like Object Recognition with High-Performing Shallow Recurrent ANNs},
	author={Kubilius, Jonas and Schrimpf, Martin and Hong, Ha and Majaj, Najib and Rajalingham, Rishi and Issa, Elias and Kar, Kohitij and Bashivan, Pouya and Prescott-Roy, Jonathan and Schmidt, Kailyn and Nayebi, Aran and Bear, Daniel and Yamins, Daniel and DiCarlo, J James},
	journal={NeurIPS},
	pages={12785--12796},
	year={2019}
}

% Abstract
@article{bundy2017preparing,
	title={Preparing for the future of Artificial Intelligence},
	author={Bundy, Alan},
	journal={AI Soc.},
	pages={285--287},
	year={2017}
}

@article{new_AI_2017,
	title={国务院印发《新一代人工智能发展规划》},
	author={中国政府网},
	journal={通信世界},
	volume={304},
	number={08},
	pages={8-8},
	year={2017},
}

@article{bergmann2019tracking,
	title={Tracking without bells and whistles},
	author={Bergmann, Philipp and Meinhardt, Tim and Leal-Taix\&eacute;, Laura},
	journal={International Conference on Computer Vision},
	pages={941--951},
	year={2019}
}

@article{chen2019aggregate,
	title={Aggregate Tracklet Appearance Features for Multi-Object Tracking},
	author={Chen, Long and Ai, Haizhou and Chen, Rui and Zhuang, Zijie},
	journal={IEEE Signal Processing Letters},
	pages={1613--1617},
	year={2019}
}

@article{chu2019famnet,
	title={FAMNet: Joint Learning of Feature, Affinity and Multi-dimensional Assignment for Online Multiple Object Tracking},
	author={Chu, Peng and Ling, Haibin},
	journal={International Conference on Computer Vision},
	pages={6172--6181},
	year={2019}
}

@article{sun2021deep,
	title={Deep Affinity Network for Multiple Object Tracking},
	author={Sun, ShiJie and Akhtar, Naveed and Song, HuanSheng and Mian, Ajmal and Shah, Mubarak},
	journal={IEEE Trans. Pattern Anal. Mach. Intell.},
	pages={104--119},
	year={2021}
}

@article{xu2020how,
	title={How to Train Your Deep Multi-Object Tracker},
	author={Xu, Yihong and Osep, Aljosa and Ban, Yutong and Horaud, Radu and Leal-Taixé, Laura and Alameda-Pineda, Xavier},
	journal={CVPR},
	pages={6786--6795},
	year={2020}
}

@article{young-chul2019online,
	title={Online Multiple Pedestrian Tracking using Deep Temporal Appearance
	Matching Association},
	author={Young-Chul, Yoon and Yong, Du Kim and Kwangjin, Yoon and Young-min, Song and Moongu, Jeon},
	journal={Information Sciences},
	year={2019}
}

@article{zhang2019robust,
	title={Robust Multi-Modality Multi-Object Tracking},
	author={Zhang, Wenwei and Zhou, Hui and Sun, Shuyang and Wang, Zhe and Shi, Jianping and Loy, Change Chen},
	journal={ICCV},
	pages={2365--2374},
	year={2019}
}

@article{bertsekas1994linear,
	title={Linear network optimization: algorithms and codes},
	author={bertsekas, p dimitri},
	journal={Journal of the Operational Research Society},
	year={1994}
}

@article{veenman2001resolving,
	title={Resolving motion correspondence for densely moving points},
	author={Veenman, J. Cor and Reinders, J. T. Marcel and Backer, Eric},
	journal={Pattern Analysis and Machine Intelligence, IEEE Transactions},
	pages={54--72},
	year={2001}
}

@article{unkres1957algorithms,
	title={Algorithms for the Assignment and Transportation Problems},
	author={unkres, James},
	journal={Journal of The Society for Industrial and Applied Mathematics},
	year={1957}
}

@article{bertsekas1988the,
	title={The auction algorithm: a distributed relaxation method for the assignment problem},
	author={Bertsekas, P. D.},
	journal={Annals of Operations Research - Special Issue: Parallel Optimization on Novel Computer Architectures},
	pages={105--123},
	year={1988}
}

@article{okuma2004a,
	title={A Boosted Particle Filter: Multitarget Detection and Tracking},
	author={Okuma, Kenji and Taleghani, Ali and Freitas, De Nando and Little, J. James and Lowe, G. David},
	journal={ECCV},
	pages={28--39},
	year={2004}
}

@article{bertsekas1992a,
	title={A forward/reverse auction algorithm for asymmetric assignment problems},
	author={Bertsekas, P. Dimitri and Castañón, A. David},
	journal={Computational Optimization and Applications},
	pages={277--297},
	year={1992}
}

@misc{bar-shalom1987tracking,
	title={Tracking and data association},
	author={Bar-Shalom, Yaakov and Fortmann, Thomas E and Cable, Peter G},
	year={1990},
	publisher={Acoustical Society of America}
}

@article{reid1989an,
	title={An algorithm for tracking multiple targets},
	author={Reid, B. D.},
	journal={IEEE Transactions on Automatic Control},
	year={1989}
}

@article{zhang2008global,
	title={Global data association for multi-object tracking using network flows},
	author={Zhang, Li and Li, Yuan and Nevatia, Ramakant},
	journal={CVPR},
	pages={1--8},
	year={2008}
}

@article{wu2011efficient,
	title={Efficient track linking methods for track graphs using network-flow and set-cover techniques},
	author={Wu, Zheng  and Kunz, H. T. and Betke, M.},
	journal={CVPR},
	pages={1185--1192},
	year={2011}
}

@article{2011globally-optimal,
	title={Globally-optimal greedy algorithms for tracking a variable number of objects},
	author={H., Pirsiavash, and D., Ramanan, and C.C., Fowlkes,},
	journal={Computer Vision and Pattern Recognition},
	pages={1201--1208},
	year={2011}
}

@article{2015target,
	title={Target Identity-aware Network Flow for online multiple target tracking},
	author={A., Dehghan, and Tian, Yicong and P.H.S., Torr, and M., Shah,},
	journal={CVPR},
	pages={1146--1154},
	year={2015}
}

@article{leal-2016learning,
	title={Learning by tracking: Siamese CNN for robust target association},
	author={Leal-Taixé, Laura and Canton-Ferrer, Cristian and Schindler, Konrad},
	journal={IEEE Computer Society Conference on Computer Vision and Pattern Recognition Workshops},
	pages={418--425},
	year={2016}
}

@article{wang2016joint,
	title={Joint Learning of Convolutional Neural Networks and Temporally Constrained Metrics for Tracklet Association},
	author={Wang, Bing and Wang, Li and Shuai, Bing and Zuo, Zhen and Liu, Ting and Chan, Luk Kap and Wang, Gang},
	journal={IEEE Computer Society Conference on Computer Vision and Pattern Recognition Workshops},
	pages={386--393},
	year={2016}
}

@article{schulter2017deep,
	title={Deep Network Flow for Multi-Object Tracking},
	author={Schulter, Samuel and Vernaza, Paul and Choi, Wongun and Chandraker, Manmohan},
	journal={CVPR},
	pages={2730--2739},
	year={2017}
}

@article{efficient1990,
	title={Efficient algorithms for finding the K best paths through a trellis},
	author={D.A., Castanon,},
	journal={Aerospace and Electronic Systems, IEEE Transactions},
	pages={405--410},
	year={1990}
}

@article{chari2015on,
	title={On pairwise costs for network flow multi-object tracking},
	author={chari, visesh and lacostejulien, simon and laptev, ivan and sivic, josef},
	journal={CVPR},
	year={2015}
}

@article{tang2015subgraph,
	title={Subgraph decomposition for multi-target tracking},
	author={Tang, Siyu and Andres, Bjoern and Andriluka, Mykhaylo and Schiele, Bernt},
	journal={IEEE Conference on Computer Vision and Pattern Recognition},
	year={2015}
}

@article{tang2016multi-person,
	title={Multi-Person Tracking by Multicut and Deep Matching},
	author={Tang, Siyu and Andres, Bjoern and Andriluka, Mykhaylo and Schiele, Bernt},
	journal={ECCV Workshops},
	year={2016}
}

@article{tang2017multiple,
	title={Multiple People Tracking by Lifted Multicut and Person Re-identification},
	author={Tang, Siyu and Andriluka, Mykhaylo and Andres, Bjoern and Schiele, Bernt},
	journal={CVPR},
	pages={3701--3710},
	year={2017}
}

@article{kaucic2005a,
	title={A Unified Framework for Tracking through Occlusions and across Sensor Gaps},
	author={Kaucic, Robert and Perera, G.  Amitha A. and Brooksby, Glen and Kaufhold, John and Hoogs, Anthony},
	journal={CVPR (1)},
	pages={990--997},
	year={2005}
}

@article{wu2007detection,
	title={Detection and Tracking of Multiple, Partially Occluded Humans by Bayesian Combination of Edgelet based Part Detectors},
	author={Wu, Bo and Nevatia, Ram},
	journal={International Journal of Computer Vision},
	pages={247--266},
	year={2007}
}

@article{huang2008robust,
	title={Robust Object Tracking by Hierarchical Association of Detection Responses},
	author={Huang, Chang and Wu, Bo and Nevatia, Ramakant},
	journal={ECCV (2)},
	pages={788--801},
	year={2008}
}

@article{li2009learning,
	title={Learning to associate: HybridBoosted multi-target tracker for crowded scene},
	author={Li, Yuan and Huang, Chang and Nevatia, Ram},
	journal={CVPR},
	pages={2953--2960},
	year={2009}
}

@article{yang2012an,
	title={An online learned CRF model for multi-target tracking},
	author={Yang, Bo and R., Nevatia,},
	journal={Computer Vision and Pattern Recognition},
	pages={2034--2041},
	year={2012}
}

@article{lucas1981an,
	title={An iterative image registration technique with an application to stereo vision},
	author={Lucas, D. Bruce and Kanade, Takeo},
	journal={IJCAI},
	pages={674--679},
	year={1981}
}

@article{shi1994good,
	title={Good features to track},
	author={Shi, Jianbo and Tomasi, Carlo},
	journal={Seattle, WA},
	pages={593--600},
	year={1994}
}

@article{using2009,
	title={Using individuality to track individuals: Clustering individual trajectories in crowds using local appearance and frequency trait},
	author={D., Sugimura, and K.M., Kitani, and T., Okabe, and Y., Sato,},
	journal={Kyoto},
	pages={1467--1474},
	year={2009}
}

@article{zhao2012tracking,
	title={Tracking using motion patterns for very crowded scenes},
	author={Zhao, Xuemei and Gong, Dian and Medioni, Gérard},
	journal={ECCV (2)},
	pages={315--328},
	year={2012}
}

@article{choi2015near-online,
	title={Near-Online Multi-target Tracking with Aggregated Local Flow Descriptor},
	author={Choi, Wongun},
	journal={ICCV},
	year={2015}
}

@article{ali2008floor,
	title={Floor Fields for Tracking in High Density Crowd Scenes},
	author={Ali, Saad and Shah, Mubarak},
	journal={ECCV (2)},
	pages={1--14},
	year={2008}
}

@article{mitzel2010multi-person,
	title={Multi-person tracking with sparse detection and continuous segmentation},
	author={Mitzel, Dennis and Horbert, Esther and Ess, Andreas and Leibe, Bastian},
	journal={ECCV},
	pages={397--410},
	year={2010}
}

@article{yamaguchi2011who,
	title={Who are you with and where are you going?},
	author={Yamaguchi, K. and Berg, C. A. and Ortiz, E. L. and Berg, L. T.},
	journal={CVPR},
	pages={1345--1352},
	year={2011}
}

@article{tuzel2006region,
	title={Region covariance: a fast descriptor for detection and classification},
	author={Tuzel, Oncel and Porikli, Fatih and Meer, Peter},
	journal={ECCV (2)},
	pages={589--600},
	year={2006}
}

@article{kuo2010multi-target,
	title={Multi-target tracking by on-line learned discriminative appearance models},
	author={Kuo, Cheng-Hao and Huang, Chang and Nevatia, Ram},
	journal={CVPR},
	pages={685--692},
	year={2010}
}

@article{hu2012single,
	title={Single and multiple object tracking using log-euclidean Riemannian subspace and block-division appearance model},
	author={Hu, Weiming and Li, Xi and Luo, Wenhan and Zhang, Xiaoqin and Maybank, Stephen and Zhang, Zhongfei},
	journal={IEEE Trans. Pattern Anal. Mach. Intell.},
	pages={2420--2440},
	year={2012}
}

@article{henriques2011globally,
	title={Globally optimal solution to multi-object tracking with merged measurements},
	author={Henriques, F. Joao and Caseiro, Rui and Batista, Jorge},
	journal={ICCV},
	pages={2470--2477},
	year={2011}
}

@article{pellegrini2009you,
	title={You'll never walk alone: Modeling social behavior for multi-target tracking},
	author={Pellegrini, Stefano and Ess, Andreas and Schindler, Konrad and Gool, J. Van Luc},
	journal={Kyoto},
	pages={261--268},
	year={2009}
}

@article{wu2015global,
	title={Global optimization for coupled detection and data association in multiple object tracking},
	author={wu, zheng and betke, margrit},
	journal={Computer Vision and Image Understanding},
	pages={25--37},
	year={2015}
}

@article{xing2009multi-object,
	title={Multi-object tracking through occlusions by local tracklets filtering and global tracklets association with detection responses},
	author={Xing, Junliang and Ai, Haizhou and Lao, Shihong},
	journal={CVPR},
	pages={1200--1207},
	year={2009}
}

@article{kratz2010tracking,
	title={Tracking with local spatio-temporal motion patterns in extremely crowded scenes},
	author={Kratz, Louis and K., Nishino,},
	journal={Computer Vision and Pattern Recognition},
	pages={693--700},
	year={2010}
}

@article{qin2012improving,
	title={Improving multi-target tracking via social grouping},
	author={Qin, Zhen and C.R., Shelton,},
	journal={CVPR},
	pages={1972--1978},
	year={2012}
}

@article{choi2010multiple,
	title={Multiple target tracking in world coordinate with single, minimally calibrated camera},
	author={Choi, Wongun and Savarese, Silvio},
	journal={ECCV (4)},
	pages={553--567},
	year={2010}
}

@article{brendel2011multiobject,
	title={Multiobject tracking as maximum weight independent set},
	author={Brendel, W. and Amer, M. and Todorovic, S.},
	journal={CVPR},
	pages={1273--1280},
	year={2011}
}

@article{liu2012automatic,
	title={Automatic tracking of a large number of moving targets in 3d},
	author={Liu, Ye and Li, Hui and Chen, Qiu Yan},
	journal={ECCV (4)},
	pages={730--742},
	year={2012}
}

@article{yang2009detection,
	title={Detection driven adaptive multi-cue integration for multiple human tracking},
	author={Yang, Ming and Lv, Fengjun and Xu, Wei and Gong, Yihong},
	journal={ICCV},
	pages={1554--1561},
	year={2009}
}

@article{song2010a,
	title={A stochastic graph evolution framework for robust multi-target tracking},
	author={Song, Bi and Jeng, Ting-Yueh and Staudt, Elliot and Roy-Chowdhury, K. Amit},
	journal={ECCV},
	pages={605--619},
	year={2010}
}

@article{berclaz2006robust,
	title={Robust People Tracking with Global Trajectory Optimization},
	author={Berclaz, Jerome and Fleuret, Francois and Fua, Pascal},
	journal={Computer Vision and Pattern Recognition, 2006 IEEE Computer Society Conference},
	pages={744--750},
	year={2006}
}

@article{gavrila2007multi-cue,
	title={Multi-cue Pedestrian Detection and Tracking from a Moving Vehicle},
	author={Gavrila, M. D. and Munder, S.},
	journal={International Journal of Computer Vision},
	pages={41--59},
	year={2007}
}

@article{rodriguez2009tracking,
	title={Tracking in unstructured crowded scenes},
	author={Rodriguez, Mikel and Ali, Saad and Kanade, Takeo},
	journal={Kyoto},
	pages={1389--1396},
	year={2009}
}

@article{breitenstein2009robust,
	title={Robust Tracking-by-Detection using a Detector Confidence Particle Filter},
	author={Breitenstein, D. Michael and Reichlin, Fabian and Leibe, Bastian and Koller-Meier, Esther and Gool, Van Luc},
	journal={ICCV},
	pages={1515--1522},
	year={2009}
}

@article{shafique2008a,
	title={A rank constrained continuous formulation of multi-frame multi-target tracking problem},
	author={Shafique, Khurram and Lee, Wai Mun and Haering, Niels},
	journal={Anchorage, AK},
	pages={1--8},
	year={2008}
}

@article{yu2007multiple,
	title={Multiple Target Tracking Using Spatio-Temporal Markov Chain Monte Carlo Data Association},
	author={Yu, Qian and Medioni, G. Gérard and Cohen, Isaac},
	journal={CVPR},
	pages={1--8},
	year={2007}
}

@article{kuo2011how,
	title={How does person identity recognition help multi-person tracking?},
	author={Kuo, Cheng-Hao  and Nevatia, R.},
	journal={CVPR},
	pages={1217--1224},
	year={2011}
}

@article{yang2012multi-target,
	title={Multi-target tracking by online learning of non-linear motion patterns and robust appearance models},
	author={Yang, Bo and R., Nevatia,},
	journal={Computer Vision and Pattern Recognition},
	pages={1918--1925},
	year={2012}
}

% end Abstract


% NLAA
@inproceedings{b1,
	author = {Leal-Taixé, Laura and Canton-Ferrer, Cristian and Schindler, Konrad},
	title = {Learning by tracking: Siamese cnn for robust target association},
	booktitle = {Proceedings of the IEEE Conference on Computer Vision and Pattern Recognition Workshops},
	pages = {33-40},
	type = {Conference Proceedings}
}

@inproceedings{b2,
	author = {Tang, Siyu and Andriluka, Mykhaylo and Andres, Bjoern and Schiele, Bernt},
	title = {Multiple People Tracking by Lifted Multicut and Person Re-identification},
	booktitle = {2017 IEEE Conference on Computer Vision and Pattern Recognition (CVPR)},
	type = {Conference Proceedings}
}

@inproceedings{b3,
	author = {Kim, Chanho and Li, Fuxin and Rehg, James M},
	title = {Multi-object tracking with neural gating using bilinear lstm},
	booktitle = {Proceedings of the European Conference on Computer Vision (ECCV)},
	pages = {200-215},
	type = {Conference Proceedings}
}

@article{b4,
	author = {Sheng, Hao and Chen, Jiahui and Zhang, Yang and Ke, Wei and Xiong, Zhang and Yu, Jingyi},
	title = {Iterative Multiple Hypothesis Tracking with Tracklet-level Association},
	journal = {IEEE Transactions on Circuits and Systems for Video Technology},
	ISSN = {1051-8215},
	year = {2018},
	type = {Journal Article}
}

@inproceedings{b5,
	author = {Henschel, Roberto and Leal-Taixe, Laura and Cremers, Daniel and Rosenhahn, Bodo},
	title = {Fusion of head and full-body detectors for multi-object tracking},
	booktitle = {Proceedings of the IEEE Conference on Computer Vision and Pattern Recognition Workshops},
	pages = {1428-1437},
	type = {Conference Proceedings}
}


@inproceedings{b8,
	author = {Ren, Shaoqing and He, Kaiming and Girshick, Ross and Sun, Jian},
	title = {Faster R-CNN: towards real-time object detection with region proposal networks},
	booktitle = {International Conference on Neural Information Processing Systems},
	pages = {91-99},
	type = {Conference Proceedings}
}

@inproceedings{b10,
	author = {Chu, Qi and Ouyang, Wanli and Li, Hongsheng and Wang, Xiaogang and Liu, Bin and Yu, Nenghai},
	title = {Online multi-object tracking using cnn-based single object tracker with spatial-temporal attention mechanism},
	booktitle = {2017 IEEE International Conference on Computer Vision (ICCV).(Oct 2017)},
	pages = {4846-4855},
	type = {Conference Proceedings}
}

@article{b11,
	author = {Xu, Yihong and Ban, Yutong and Alameda-Pineda, Xavier and Horaud, Radu},
	title = {DeepMOT: A Differentiable Framework for Training Multiple Object Trackers},
	journal = {arXiv preprint arXiv:1906.06618},
	year = {2019},
	type = {Journal Article}
}

@inproceedings{b12,
	author = {Li, Wei and Zhao, Rui and Wang, Xiaogang},
	title = {Human reidentification with transferred metric learning},
	booktitle = {Asian conference on computer vision},
	publisher = {Springer},
	pages = {31-44},
	type = {Conference Proceedings}
}

@article{b14,
	author = {MacAvoy, Martha G and Gottlieb, Jacqueline P and Bruce, Charles J},
	title = {Smooth-pursuit eye movement representation in the primate frontal eye field},
	journal = {Cerebral Cortex},
	volume = {1},
	number = {1},
	pages = {95-102},
	ISSN = {1460-2199},
	year = {1991},
	type = {Journal Article}
}

@book{b15,
	author = {Milan, Anton and Roth, Stefan and Schindler, Konrad},
	title = {Continuous Energy Minimization for Multitarget Tracking},
	year = {2014},
	type = {Book}
}

@article{b16,
	author = {Pirsiavash, H. and Ramanan, D. and Fowlkes, C. C.},
	title = {Globally-optimal greedy algorithms for tracking a variable number of objects},
	type = {Journal Article}
}

@inproceedings{b17,
	author = {Zhang, Li and Li, Yuan and Nevatia, Ramakant},
	title = {Global data association for multi-object tracking using network flows},
	booktitle = {2008 IEEE Computer Society Conference on Computer Vision and Pattern Recognition (CVPR 2008), 24-26 June 2008, Anchorage, Alaska, USA},
	type = {Conference Proceedings}
}

@inproceedings{b18,
	author = {Tang, Siyu and Andres, Bjoern and Andriluka, Mykhaylo and Schiele, Bernt},
	title = {Multi-person tracking by multicut and deep matching},
	booktitle = {European Conference on Computer Vision},
	publisher = {Springer},
	pages = {100-111},
	type = {Conference Proceedings}
}

@inproceedings{b19,
	author = {Son, Jeany and Baek, Mooyeol and Cho, Minsu and Han, Bohyung},
	title = {Multi-object tracking with quadruplet convolutional neural networks},
	booktitle = {2017 IEEE Conference on Computer Vision and Pattern Recognition (CVPR)},
	publisher = {IEEE},
	pages = {3786-3795},
	ISBN = {1538604574},
	type = {Conference Proceedings}
}

@article{b20,
	author = {Wang, Xinchao and Türetken, Engin and Fleuret, François and Fua, Pascal},
	title = {Tracking Interacting Objects Using Intertwined Flows},
	journal = {IEEE Transactions on Pattern Analysis and Machine Intelligence},
	volume = {38},
	number = {11},
	pages = {2312-2326},
	year = {2015},
	type = {Journal Article}
}

@article{b22,
	author = {Milan, Anton and Rezatofighi, Seyed Hamid and Dick, Anthony and Schindler, Konrad and Reid, Ian},
	title = {Online Multi-target Tracking using Recurrent Neural Networks},
	year = {2016},
	type = {Journal Article}
}

@article{b23,
	author = {Sadeghian, Amir and Alahi, Alexandre and Savarese, Silvio},
	title = {Tracking the untrackable: Learning to track multiple cues with long-term dependencies},
	journal = {arXiv preprint arXiv:1701.01909},
	volume = {4},
	number = {5},
	pages = {6},
	year = {2017},
	type = {Journal Article}
}

@article{b24,
	author = {Bae, Seung-Hwan and Yoon, Kuk-Jin},
	title = {Confidence-Based Data Association and Discriminative Deep Appearance Learning for Robust Online Multi-Object Tracking},
	journal = {IEEE Transactions on Pattern Analysis and Machine Intelligence},
	pages = {1-1},
	type = {Journal Article}
}

@article{b25,
	author = {Chen, Xinlei and Zitnick, C. Lawrence},
	title = {Learning a Recurrent Visual Representation for Image Caption Generation},
	type = {Journal Article}
}

@article{b27,
	author = {Xu, Huijuan and Saenko, Kate},
	title = {Ask, Attend and Answer: Exploring Question-Guided Spatial Attention for Visual Question Answering},
	year = {2016},
	type = {Journal Article}
}

@article{b28,
	author = {Yang, Zichao and He, Xiaodong and Gao, Jianfeng and Deng, Li and Smola, Alex},
	title = {Stacked Attention Networks for Image Question Answering},
	type = {Journal Article}
}

@inproceedings{b29,
	title={Residual attention network for image classification},
	author={Wang, Fei and Jiang, Mengqing and Qian, Chen and Yang, Shuo and Li, Cheng and Zhang, Honggang and Wang, Xiaogang and Tang, Xiaoou},
	booktitle={Proceedings of the IEEE conference on computer vision and pattern recognition},
	pages={3156--3164},
	year={2017}
}

@inproceedings{b30,
	author = {Buades, Antoni and Coll, Bartomeu and Morel, J-M},
	title = {A non-local algorithm for image denoising},
	booktitle = {2005 IEEE Computer Society Conference on Computer Vision and Pattern Recognition (CVPR'05)},
	publisher = {IEEE},
	volume = {2},
	pages = {60-65},
	ISBN = {0769523722},
	type = {Conference Proceedings}
}

@article{b31,
	author = {Dabov, Kostadin and Foi, Alessandro and Katkovnik, Vladimir and Egiazarian, Karen},
	title = {Image denoising by sparse 3-D transform-domain collaborative filtering},
	journal = {IEEE Transactions on image processing},
	volume = {16},
	number = {8},
	pages = {2080-2095},
	ISSN = {1057-7149},
	year = {2007},
	type = {Journal Article}
}

@inproceedings{b33,
	author = {Lefkimmiatis, Stamatios},
	title = {Non-local color image denoising with convolutional neural networks},
	booktitle = {Proceedings of the IEEE Conference on Computer Vision and Pattern Recognition},
	pages = {3587-3596},
	type = {Conference Proceedings}
}

@inproceedings{b34,
	author = {Efros, Alexei A and Leung, Thomas K},
	title = {Texture synthesis by non-parametric sampling},
	booktitle = {Proceedings of the seventh IEEE international conference on computer vision},
	publisher = {IEEE},
	volume = {2},
	pages = {1033-1038},
	ISBN = {0769501648},
	type = {Conference Proceedings}
}

@inproceedings{b35,
	author = {Glasner, Daniel and Bagon, Shai and Irani, Michal},
	title = {Super-resolution from a single image},
	booktitle = {2009 IEEE 12th international conference on computer vision},
	publisher = {IEEE},
	pages = {349-356},
	ISBN = {1424444209},
	type = {Conference Proceedings}
}

@inproceedings{b36,
	author = {Barnes, Connelly and Shechtman, Eli and Finkelstein, Adam and Goldman, Dan B},
	title = {PatchMatch: A randomized correspondence algorithm for structural image editing},
	booktitle = {ACM Transactions on Graphics (ToG)},
	publisher = {ACM},
	volume = {28},
	pages = {24},
	ISBN = {1605587265},
	type = {Conference Proceedings}
}

@inproceedings{b37,
	title={Non-local neural networks},
	author={Wang, Xiaolong and Girshick, Ross and Gupta, Abhinav and He, Kaiming},
	booktitle={Proceedings of the IEEE conference on computer vision and pattern recognition},
	pages={7794--7803},
	year={2018}
}

@article{b41,
	author = {Hermans, Alexander and Beyer, Lucas and Leibe, Bastian},
	title = {In Defense of the Triplet Loss for Person Re-Identification},
	type = {Journal Article}
}

@article{b42,
	author = {Milan, Anton and Leal-Taixe, Laura and Reid, Ian and Roth, Stefan and Schindler, Konrad},
	title = {MOT16: A Benchmark for Multi-Object Tracking},
	type = {Journal Article}
}

@article{b44,
	author = {Bernardin, Keni and Stiefelhagen, Rainer},
	title = {Evaluating multiple object tracking performance: the CLEAR MOT metrics},
	journal = {Journal on Image and Video Processing},
	volume = {2008},
	pages = {1},
	ISSN = {1687-5176},
	year = {2008},
	type = {Journal Article}
}

@inproceedings{b45,
	author = {Ristani, Ergys and Solera, Francesco and Zou, Roger and Cucchiara, Rita and Tomasi, Carlo},
	title = {Performance measures and a data set for multi-target, multi-camera tracking},
	booktitle = {European Conference on Computer Vision},
	publisher = {Springer},
	pages = {17-35},
	type = {Conference Proceedings}
}

@inproceedings{b46,
	author = {Danelljan, Martin and Bhat, Goutam and Khan, Fahad Shahbaz and Felsberg, Michael},
	title = {ECO: Efficient Convolution Operators for Tracking},
	booktitle = {CVPR},
	volume = {1},
	pages = {3},
	type = {Conference Proceedings}
}

@inproceedings{b49,
	author = {Paszke, Adam and Gross, Sam and Massa, Francisco and Lerer, Adam and Bradbury, James and Chanan, Gregory and Killeen, Trevor and Lin, Zeming and Gimelshein, Natalia and Antiga, Luca},
	title = {PyTorch: An imperative style, high-performance deep learning library},
	booktitle = {Advances in Neural Information Processing Systems},
	pages = {8024-8035},
	type = {Conference Proceedings}
}

@inproceedings{b50,
	author = {Ban, Yutong and Ba, Sileye and Alameda-Pineda, Xavier and Horaud, Radu},
	title = {Tracking multiple persons based on a variational bayesian model},
	booktitle = {European Conference on Computer Vision},
	publisher = {Springer},
	pages = {52-67},
	type = {Conference Proceedings}
}

@inproceedings{b51,
	author = {Chen, Jiahui and Sheng, Hao and Zhang, Yang and Xiong, Zhang},
	title = {Enhancing detection model for multiple hypothesis tracking},
	booktitle = {Proceedings of the IEEE Conference on Computer Vision and Pattern Recognition Workshops},
	pages = {18-27},
	type = {Conference Proceedings}
}

@inproceedings{b52,
	author = {Kieritz, Hilke and Becker, Stefan and Hübner, Wolfgang and Arens, Michael},
	title = {Online multi-person tracking using integral channel features},
	booktitle = {2016 13th IEEE International Conference on Advanced Video and Signal Based Surveillance (AVSS)},
	publisher = {IEEE},
	pages = {122-130},
	ISBN = {1509038116},
	type = {Conference Proceedings}
}

@article{b53,
	author = {Jiang, Xiaolong and Li, Peizhao and Li, Yanjing and Zhen, Xiantong},
	title = {Graph Neural Based End-to-end Data Association Framework for Online Multiple-Object Tracking},
	journal = {arXiv preprint arXiv:1907.05315},
	year = {2019},
	type = {Journal Article}
}

@article{dpm,
	author = {Felzenszwalb, Pedro F and Girshick, Ross B and Mcallester, David and Ramanan, Deva},
	title = {Object Detection with Discriminatively Trained Part-Based Models},
	journal = {IEEE Transactions on Pattern Analysis and Machine Intelligence},
	volume = {32},
	number = {9},
	pages = {1627-1645},
	year = {2010},
	type = {Journal Article}
}

@inproceedings{faster-rcnn,
	author = {Ren, Shaoqing and He, Kaiming and Girshick, Ross and Sun, Jian},
	title = {Faster R-CNN: towards real-time object detection with region proposal networks},
	booktitle = {International Conference on Neural Information Processing Systems},
	pages = {91-99},
	type = {Conference Proceedings}
}

@inproceedings{sdp,
	author = {Yang, Fan and Choi, Wongun and Lin, Yuanqing},
	title = {Exploit All the Layers: Fast and Accurate CNN Object Detector with Scale Dependent Pooling and Cascaded Rejection Classifiers},
	booktitle = {2016 IEEE Conference on Computer Vision and Pattern Recognition (CVPR)},
	type = {Conference Proceedings}
}













@inproceedings{autonomous_vechicle,
	title={Are we ready for autonomous driving? the kitti vision benchmark suite},
	author={Geiger, Andreas and Lenz, Philip and Urtasun, Raquel},
	booktitle={2012 IEEE Conference on Computer Vision and Pattern Recognition},
	pages={3354--3361},
	year={2012},
	organization={IEEE}
}

@article{PHD_filter,
	author = {Zheng, Yunmei and Shi, Zhiguo and Lu, Rongxing and Hong, Shaohua and Shen, Xuemin},
	title = {An efficient data-driven particle PHD filter for multitarget tracking},
	journal = {IEEE Transactions on Industrial Informatics},
	volume = {9},
	number = {4},
	pages = {2318-2326},
	ISSN = {1551-3203},
	year = {2012},
	type = {Journal Article}
}

@article{local_sparse,
	author = {Nai, Ke and Li, Zhiyong and Li, Guiji and Wang, Shanquan},
	title = {Robust object tracking via local sparse appearance model},
	journal = {IEEE Transactions on Image Processing},
	volume = {27},
	number = {10},
	pages = {4958-4970},
	ISSN = {1057-7149},
	year = {2018},
	type = {Journal Article}
}

@inproceedings{weight_based,
	author = {Li, Zhiyong and Wang, Dongming and Nai, Ke and Shen, Tong and Zeng, Ying},
	title = {Robust object tracking via weight-based local sparse appearance model},
	booktitle = {2016 12th International Conference on Natural Computation, Fuzzy Systems and Knowledge Discovery (ICNC-FSKD)},
	publisher = {IEEE},
	pages = {560-565},
	ISBN = {1509040935},
	type = {Conference Proceedings}
}

@article{kim2015multiple,
	title={Multiple Hypothesis Tracking Revisited},
	author={Kim, Chanho and Li, Fuxin and Ciptadi, Arridhana and Rehg, M. James},
	journal={ICCV},
	year={2015}
}

% end NLAA




% STURE
@article{wen2020ua-detrac,
	title={UA-DETRAC: A new benchmark and protocol for multi-object detection and tracking},
	author={Wen, Longyin and Du, Dawei and Cai, Zhaowei and Lei, Zhen and Chang, Ming-Ching and Qi, Honggang and Lim, Jongwoo and Yang, Ming-Hsuan and Lyu, Siwei},
	journal={Computer Vision and Image Understanding},
	year={2020}
}


@article{2021Person,
	title={Person re-identification with part prediction alignment},
	author={ Li, Z.  and  Lv, J.  and  Chen, Y.  and  Yuan, J. },
	journal={Computer Vision and Image Understanding},
	volume={205},
	pages={103172},
	year={2021},
}

@article{wildemuth2019the,
	title={The usefulness of multimedia surrogates for making relevance judgments about digital video objects},
	author={Wildemuth, Barbara M.  and Marchionini, Gary  and Fu, Xin  and Oh, Jun Sung  and Yang, Meng },
	journal={Information Processing \& Management},
	year={2019}
}

@article{li2020joint,
	title={Joint deep feature learning and unsupervised visual domain adaptation for cross-domain 3D object retrieval},
	author={Li, Wen-Hui and Xiang, Shu and Nie, Wei-Zhi and Song, Dan and Liu, An-An and Li, Xuan-Ya and Hao, Tong},
	journal={Information Processing \& Management},
	year={2020}
}

@article{baisa2019online,
	title={Online Multi-object Visual Tracking using a GM-PHD Filter with Deep Appearance Learning},
	author={Baisa, L. Nathanael},
	journal={FUSION},
	pages={1--8},
	year={2019}
}

@article{baisa2019development,
	title={Development of a N-type GM-PHD Filter for Multiple Target, Multiple Type Visual Tracking},
	author={Baisa, L. Nathanael and Wallace, M. Andrew},
	journal={Journal of Visual Communication and Image Representation},
	pages={257--271},
	year={2019}
}

@article{kim2021discriminative,
	title={Discriminative Appearance Modeling with Multi-track Pooling for
	Real-time Multi-object Tracking},
	author={Kim, Chanho and Fuxin, Li and Alotaibi, Mazen and Rehg, M. James},
	journal={Proceedings of the IEEE/CVF Conference on Computer Vision and Pattern Recognition (CVPR)},
	year={2021}
}

@article{bae2014robust,
	title={Robust Online Multi-object Tracking Based on Tracklet Confidence and Online Discriminative Appearance Learning},
	author={Bae, Seung-Hwan and Yoon, Kuk-Jin},
	journal={CVPR},
	pages={1218--1225},
	year={2014}
}

@inproceedings{RN998,
	author = {Bae, Seung-Hwan and Yoon, Kuk-Jin},
	title = {Robust online multi-object tracking based on tracklet confidence and online discriminative appearance learning},
	booktitle = {Proceedings of the IEEE conference on computer vision and pattern recognition (CVPR, 2014)},
	pages = {1218-1225},
	type = {Conference Proceedings}
}

@article{RN601,
	author = {Bae, Seung-Hwan and Yoon, Kuk-Jin},
	title = {Confidence-Based Data Association and Discriminative Deep Appearance Learning for Robust Online Multi-Object Tracking},
	journal = {IEEE Transactions on Pattern Analysis and Machine Intelligence},
	pages = {1-1},
	year = {2018},
	type = {Journal Article}
}

@article{ban2016tracking,
	title={Tracking Multiple Persons Based on a Variational Bayesian Model},
	author={Ban, Yutong and Ba, O. Sileye and Alameda-Pineda, Xavier and Horaud, Radu},
	journal={ECCV Workshops},
	pages={52--67},
	year={2016}
}

@article{ban2016tracking,
	title={Tracking Multiple Persons Based on a Variational Bayesian Model},
	author={Ban, Yutong and Ba, O. Sileye and Alameda-Pineda, Xavier and Horaud, Radu},
	journal={ECCV Workshops},
	pages={52--67},
	year={2016}
}

@inproceedings{RN689,
	author = {Ban, Yutong and Ba, Sileye and Alameda-Pineda, Xavier and Horaud, Radu},
	title = {Tracking multiple persons based on a variational bayesian model},
	booktitle = {European Conference on Computer Vision (ECCV, 2016)},
	publisher = {Springer},
	pages = {52-67},
	type = {Conference Proceedings}
}

@article{RN475,
	author = {Bernardin, Keni and Stiefelhagen, Rainer},
	title = {Evaluating multiple object tracking performance: the CLEAR MOT metrics},
	journal = {Journal on Image and Video Processing},
	volume = {2008},
	pages = {1},
	ISSN = {1687-5176},
	year = {2008},
	type = {Journal Article}
}

@article{RN979,
	author = {Buciluǎ, Cristian and Caruana, Rich and Niculescu-mizil, Alexandru},
	title = {Model compression},
	journal = {KDD},
	pages = {535-541},
	year = {2006},
	type = {Journal Article}
}

@article{chen2017enhancing,
	title={Enhancing Detection Model for Multiple Hypothesis Tracking},
	author={Chen, Jiahui and Sheng, Hao and Zhang, Yang and Xiong, Zhang},
	journal={IEEE Computer Society Conference on Computer Vision and Pattern Recognition Workshops},
	pages={2143--2152},
	year={2017}
}

@inproceedings{RN552,
	author = {Chen, Jiahui and Sheng, Hao and Zhang, Yang and Xiong, Zhang},
	title = {Enhancing detection model for multiple hypothesis tracking},
	booktitle = {Proceedings of the IEEE Conference on Computer Vision and Pattern Recognition Workshops (CVPR, 2017)},
	pages = {18-27},
	type = {Conference Proceedings}
}

@article{RN1002,
	author = {Chen, Peng and Dang, Yuanjie and Liang, Ronghua and Zhu, Wei and He, Xiaofei},
	title = {Real-time object tracking on a drone with multi-inertial sensing data},
	journal = {IEEE Transactions on Intelligent Transportation Systems},
	volume = {19},
	number = {1},
	pages = {131-139},
	ISSN = {1524-9050},
	year = {2017},
	type = {Journal Article}
}

@article{RN982,
	author = {Chen, Yuntao and Wang, Naiyan and Zhang, Zhaoxiang},
	title = {DarkRank: Accelerating Deep Metric Learning via Cross Sample Similarities Transfer},
	journal = {AAAI},
	pages={2852--2859},
	year = {2018},
	type = {Journal Article}
}

@article{RN724,
	author = {Chen, Ying and Yuan, Jin and Li, Zhiyong and Wu, Yiqiang and Nouioua, Mourad and Xie, Guoqi},
	title = {Person re-identification based on re-ranking with expanded k-reciprocal nearest neighbors},
	journal = {Journal of Visual Communication and Image Representation},
	volume = {58},
	pages = {486-494},
	ISSN = {1047-3203},
	year = {2019},
	type = {Journal Article}
}


@article{RN542,
	title={FAMNet: Joint Learning of Feature, Affinity and Multi-dimensional Assignment for Online Multiple Object Tracking},
	author={Chu, Peng and Ling, Haibin},
	journal={International Conference on Computer Vision},
	pages={6172--6181},
	year={2019}
}

@article{chu2017online,
	title={Online Multi-Object Tracking Using CNN-based Single Object Tracker with Spatial-Temporal Attention Mechanism},
	author={Chu, Qi and Ouyang, Wanli and Li, Hongsheng and Wang, Xiaogang and Liu, Bin and Yu, Nenghai},
	journal={ICCV},
	pages={4846--4855},
	year={2017}
}

@article{chu2017online,
	title={Online Multi-Object Tracking Using CNN-based Single Object Tracker with Spatial-Temporal Attention Mechanism},
	author={Chu, Qi and Ouyang, Wanli and Li, Hongsheng and Wang, Xiaogang and Liu, Bin and Yu, Nenghai},
	journal={ICCV},
	pages={4846--4855},
	year={2017}
}

@inproceedings{RN462,
	author = {Chu, Qi and Ouyang, Wanli and Li, Hongsheng and Wang, Xiaogang and Liu, Bin and Yu, Nenghai},
	title = {Online multi-object tracking using cnn-based single object tracker with spatial-temporal attention mechanism},
	booktitle = {2017 IEEE International Conference on Computer Vision (ICCV).(Oct 2017)},
	pages = {4846-4855},
	type = {Conference Proceedings}
}

@article{chung2017a,
	title={A Two Stream Siamese Convolutional Neural Network for Person Re-identification},
	author={Chung, Dahjung and Tahboub, Khalid and Delp, J. Edward},
	journal={ICCV},
	pages={1992--2000},
	year={2017}
}

@inproceedings{RN975,
	author = {Chung, Dahjung and Tahboub, Khalid and Delp, Edward J.},
	title = {A Two Stream Siamese Convolutional Neural Network for Person Re-identification},
	booktitle = {IEEE International Conference on Computer Vision (2017)},
	type = {Conference Proceedings}
}

@article{danelljan2017eco,
	title={ECO: Efficient Convolution Operators for Tracking},
	author={Danelljan, Martin and Bhat, Goutam and Khan, Shahbaz Fahad and Felsberg, Michael},
	journal={CVPR},
	year={2017}
}

@inproceedings{RN369,
	author = {Danelljan, Martin and Bhat, Goutam and Khan, Fahad Shahbaz and Felsberg, Michael},
	title = {ECO: Efficient Convolution Operators for Tracking},
	booktitle = {CVPR, 2017},
	volume = {1},
	pages = {3},
	type = {Conference Proceedings}
}

@article{dehghan2015gmmcp,
	title={GMMCP tracker: Globally optimal Generalized Maximum Multi Clique problem for multiple object tracking},
	author={Dehghan, Afshin and Modiri Assari, Shayan and Shah, Mubarak},
	journal={CVPR},
	year={2015}
}

@inproceedings{RN997,
	author = {Dehghan, Afshin and Modiri Assari, Shayan and Shah, Mubarak},
	title = {Gmmcp tracker: Globally optimal generalized maximum multi clique problem for multiple object tracking},
	booktitle = {Proceedings of the IEEE Conference on Computer Vision and Pattern Recognition (CVPR, 2015)},
	pages = {4091-4099},
	type = {Conference Proceedings}
}

@article{RN766,
	author = {Dendorfer, Patrick and Rezatofighi, Hamid and Milan, Anton and Shi, Javen and Cremers, Daniel and Reid, Ian and Roth, Stefan and Schindler, Konrad and Leal-Taixé, Laura},
	title = {Mot20: A benchmark for multi object tracking in crowded scenes},
	journal = {arXiv preprint arXiv:2003.09003},
	year = {2020},
	type = {Journal Article}
}

@inproceedings{RN92,
	author = {Feichtenhofer, Christoph and Pinz, Axel and Wildes, Richard P.},
	title = {Spatiotemporal Multiplier Networks for Video Action Recognition},
	booktitle = {IEEE Conference on Computer Vision and Pattern Recognition (CVPR, 2017)},
	pages = {7445-7454},
	type = {Conference Proceedings}
}



@article{geiger2012are,
	title={Are we ready for autonomous driving? The KITTI vision benchmark suite},
	author={Andreas Geiger,
	Philip Lenz and Raquel Urtasun},
	journal={Computer Vision and Pattern Recognition},
	pages={3354--3361},
	year={2012}
}

@article{RN927,
	author = {Gu, Xinqian and Ma, Bingpeng and Chang, Hong and Shan, Shiguang and Chen, Xilin},
	title = {Temporal Knowledge Propagation for Image-to-Video Person Re-Identification},
	journal = {ICCV},
	pages = {9646-9655},
	year = {2019},
	type = {Journal Article}
}

@article{he2016deep,
	title={Deep Residual Learning for Image Recognition},
	author={Kaiming He, Xiangyu Zhang,
	Shaoqing Ren and Jian Sun},
	journal={CVPR},
	year={2016}
}

@article{RN32,
	title={Deep Residual Learning for Image Recognition},
	author={Kaiming He, Xiangyu Zhang,
	Shaoqing Ren and Jian Sun},
	journal={CVPR},
	year={2016}
}

@article{cheng2016person,
	title={Person Re-identification by Multi-Channel Parts-Based CNN with Improved Triplet Loss Function},
	author={Cheng, De and Gong, Yihong and Zhou, Sanping and Wang, Jinjun and Zheng, Nanning},
	journal={CVPR},
	pages={1335--1344},
	year={2016}
}


@article{hinton2015distilling,
	title={Distilling the Knowledge in a Neural Network},
	author={Hinton, E. Geoffrey and Vinyals, Oriol and Dean, Jeffrey},
	journal={CoRR},
	year={2015}
}

@inproceedings{RN144,
	author = {Hinton, Geoffrey and Dean, Jeff and Vinyals, Oriol and Hinton, Geoffrey and Dean, Jeff and Vinyals, Oriol and Hinton, Geoffrey and Dean, Jeff and Vinyals, Oriol},
	title = {Distilling the Knowledge in a Neural Network},
	booktitle = {NIPS,2014},
	pages = {1-9},
	type = {Conference Proceedings}
}

@article{RN567,
	author = {Jiang, Xiaolong and Li, Peizhao and Li, Yanjing and Zhen, Xiantong},
	title = {Graph Neural Based End-to-end Data Association Framework for Online Multiple-Object Tracking},
	journal = {arXiv preprint arXiv:1907.05315},
	year = {2019},
	type = {Journal Article}
}

@article{kieritz2016online,
	title={Online multi-person tracking using Integral Channel Features},
	author={Kieritz, Hilke and Becker, Stefan and Hübner, Wolfgang and Arens, Michael},
	journal={AVSS},
	pages={122--130},
	year={2016}
}

@inproceedings{RN690,
	author = {Kieritz, Hilke and Becker, Stefan and Hübner, Wolfgang and Arens, Michael},
	title = {Online multi-person tracking using integral channel features},
	booktitle = {2016 13th IEEE International Conference on Advanced Video and Signal Based Surveillance (AVSS)},
	publisher = {IEEE},
	pages = {122-130},
	ISBN = {1509038116},
	type = {Conference Proceedings}
}

@article{RN586,
	title={Adam: A method for stochastic optimization},
	author={Kingma, Diederik P and Ba, Jimmy},
	journal={arXiv preprint arXiv:1412.6980},
	year={2014}
}

@article{RN992,
	author = {Kruskal, B. J. and LABORATORIES, T.E.L.E.P.H.O.N.E. B. E. L. L. and MURRAY, H. I. L. L.},
	title = {Multidimensional scaling by optimizing goodness of fit to a nonmetric hypothesis},
	journal = {Psychometrika},
	pages = {1-27},
	year = {1964},
	type = {Journal Article}
}

@article{leal-taixe2016learning,
	title={Learning by tracking: Siamese CNN for robust target association},
	author={Leal-Taixé, Laura and Canton-Ferrer, Cristian and Schindler, Konrad},
	journal={IEEE Computer Society Conference on Computer Vision and Pattern Recognition Workshops},
	pages={418--425},
	year={2016}
}

@inproceedings{RN454,
	author = {Leal-Taixé, Laura and Canton-Ferrer, Cristian and Schindler, Konrad},
	title = {Learning by tracking: Siamese cnn for robust target association},
	booktitle = {Proceedings of the IEEE Conference on Computer Vision and Pattern Recognition Workshops (CVPR, 2016)},
	pages = {33-40},
	type = {Conference Proceedings}
}

@article{RN987,
	author = {Levin, David},
	title = {The approximation power of moving least-squares},
	journal = {Math. Comput.},
	pages = {1517-1531},
	year = {1998},
	type = {Journal Article}
}

@article{RN1214,
	author = {Li, Guiji and Peng, Manman and Nai, Ke and Li, Zhiyong and Li, Keqin},
	title = {Multi-view correlation tracking with adaptive memory-improved update model},
	journal = {Neural Computing and Applications},
	pages = {1-17},
	ISSN = {1433-3058},
	year = {2019},
	type = {Journal Article}
}

@article{li2020graph,
	title={Graph Networks for Multiple Object Tracking},
	author={Li, Jiahe and Gao, Xu and Jiang, Tingting},
	journal={WACV},
	pages={708--717},
	year={2020}
}

@inproceedings{RN1210,
	author = {Li, Jiahe and Gao, Xu and Jiang, Tingting},
	title = {Graph Networks for Multiple Object Tracking},
	booktitle = {The IEEE Winter Conference on Applications of Computer Vision},
	pages = {719-728},
	type = {Conference Proceedings}
}

@article{RN1215,
	author = {Li, Zhiyong and Nai, Ke and Li, Guiji and Jiang, Shilong},
	title = {Learning a Dynamic Feature Fusion Tracker for Object Tracking},
	journal = {IEEE Transactions on Intelligent Transportation Systems},
	ISSN = {1524-9050},
	year = {2020},
	type = {Journal Article}
}

@article{li2016robust,
	title={Robust object tracking via weight-based local sparse appearance model},
	author={Li, Zhiyong and Wang, Dongming and Nai, Ke and Shen, Tong and Zeng, Ying},
	journal={ICNC-FSKD},
	pages={560--565},
	year={2016}
}

@inproceedings{RN720,
	author = {Li, Zhiyong and Wang, Dongming and Nai, Ke and Shen, Tong and Zeng, Ying},
	title = {Robust object tracking via weight-based local sparse appearance model},
	booktitle = {2016 12th International Conference on Natural Computation, Fuzzy Systems and Knowledge Discovery (ICNC-FSKD)},
	publisher = {IEEE},
	pages = {560-565},
	ISBN = {1509040935},
	type = {Conference Proceedings}
}

@article{RN1001,
	author = {Liu, Junying and Cao, Xianbin and Li, Yan and Zhang, Baochang},
	title = {Online multi-object tracking using hierarchical constraints for complex scenarios},
	journal = {IEEE Transactions on Intelligent Transportation Systems},
	volume = {19},
	number = {1},
	pages = {151-161},
	ISSN = {1524-9050},
	year = {2017},
	type = {Journal Article}
}

@article{RN994,
	author = {Lv, Jingyi and Li, Zhiyong and Nai, Ke and Chen, Ying and Yuan, Jin},
	title = {Person re-identification with expanded neighborhoods distance re-ranking},
	journal = {Image and Vision Computing},
	volume = {95},
	pages = {103875},
	year = {2020},
	type = {Journal Article}
}

@article{RN437,
	author = {Maaten, Laurens van der and Hinton, Geoffrey},
	title = {Visualizing data using t-SNE},
	journal = {Journal of machine learning research},
	volume = {9},
	number = {Nov},
	pages = {2579-2605},
	year = {2008},
	type = {Journal Article}
}

@article{mclaughlin2016recurrent,
	title={Recurrent Convolutional Network for Video-Based Person Re-identification},
	author={McLaughlin, Niall and Rincón, Martínez del Jesús and Miller, C. Paul},
	journal={CVPR},
	pages={1325--1334},
	year={2016}
}

@article{mclaughlin2016recurrent,
	title={Recurrent Convolutional Network for Video-Based Person Re-identification},
	author={McLaughlin, Niall and Rincón, Martínez del Jesús and Miller, C. Paul},
	journal={CVPR},
	pages={1325--1334},
	year={2016}
}

@inproceedings{RN976,
	author = {Mclaughlin, Niall and Rincon, Jesus Martinez Del and Miller, Paul},
	title = {Recurrent Convolutional Network for Video-based Person Re-Identification},
	booktitle = {2016 IEEE Conference on Computer Vision and Pattern Recognition (CVPR)},
	type = {Conference Proceedings}
}

@article{RN583,
	author = {Milan, Anton and Leal-Taixe, Laura and Reid, Ian and Roth, Stefan and Schindler, Konrad},
	title = {MOT16: A Benchmark for Multi-Object Tracking},
	year = {2016},
	type = {Journal Article}
}

@article{RN717,
	author = {Nai, Ke and Li, Zhiyong and Li, Guiji and Wang, Shanquan},
	title = {Robust object tracking via local sparse appearance model},
	journal = {IEEE Transactions on Image Processing},
	volume = {27},
	number = {10},
	pages = {4958-4970},
	ISSN = {1057-7149},
	year = {2018},
	type = {Journal Article}
}

@article{RN1212,
	author = {Nai, Ke and Xiao, Degui and Li, Zhiyong and Jiang, Shilong and Gu, Yu},
	title = {Multi-pattern correlation tracking},
	journal = {Knowledge-Based Systems},
	volume = {181},
	pages = {104789},
	ISSN = {0950-7051},
	year = {2019},
	type = {Journal Article}
}

@article{RN977,
	author = {Ng, Joe Yue-Hei and Hausknecht, Matthew and Vijayanarasimhan, Sudheendra and Vinyals, Oriol and Monga, Rajat and Toderici, George},
	title = {Beyond Short Snippets: Deep Networks for Video Classification},
	journal = {Computer Science},
	year = {2015},
	type = {Journal Article}
}

@article{paszke2019pytorch,
	title={PyTorch - An Imperative Style, High-Performance Deep Learning Library},
	author={Paszke, Adam and Gross, Sam and Massa, Francisco and Lerer, Adam and Bradbury, James and Chanan, Gregory and Killeen, Trevor and Lin, Zeming and Gimelshein, Natalia and Antiga, Luca and Desmaison, Alban and Köpf, Andreas and Yang, Edward and DeVito, Zachary and Raison, Martin and Tejani, Alykhan and Chilamkurthy, Sasank and Steiner, Benoit and Fang, Lu and Bai, Junjie and Chintala, Soumith},
	journal={NeurIPS},
	pages={8024--8035},
	year={2019}
}


@inproceedings{RN669,
	author = {Paszke, Adam and Gross, Sam and Massa, Francisco and Lerer, Adam and Bradbury, James and Chanan, Gregory and Killeen, Trevor and Lin, Zeming and Gimelshein, Natalia and Antiga, Luca},
	title = {PyTorch: An imperative style, high-performance deep learning library},
	booktitle = {Advances in Neural Information Processing Systems (NIPS, 2019)},
	pages = {8024-8035},
	type = {Conference Proceedings}
}

@article{ren2017faster,
	title={Faster R-CNN: Towards Real-Time Object Detection with Region Proposal Networks},
	author={Ren, Shaoqing and He, Kaiming and Girshick, B. Ross and Sun, Jian},
	journal={IEEE Trans. Pattern Anal. Mach. Intell.},
	pages={1137--1149},
	year={2017}
}

@inproceedings{RN31,
	author = {Ren, Shaoqing and He, Kaiming and Girshick, Ross and Sun, Jian},
	title = {Faster R-CNN: towards real-time object detection with region proposal networks},
	booktitle = {International Conference on Neural Information Processing Systems (NIPS 2015)},
	pages = {91-99},
	type = {Conference Proceedings}
}

@article{ristani2016performance,
	title={Performance Measures and a Data Set for Multi-Target, Multi-Camera Tracking},
	author={Ristani, Ergys and Solera, Francesco and Zou, S. Roger and Cucchiara, Rita and Tomasi, Carlo},
	journal={ECCV Workshops},
	year={2016}
}

@inproceedings{RN457,
	author = {Ristani, Ergys and Solera, Francesco and Zou, Roger and Cucchiara, Rita and Tomasi, Carlo},
	title = {Performance measures and a data set for multi-target, multi-camera tracking},
	booktitle = {European Conference on Computer Vision (ECCV, 2016)},
	publisher = {Springer},
	pages = {17-35},
	type = {Conference Proceedings}
}

@article{romero2015fitnets,
	title={FitNets: Hints for Thin Deep Nets},
	author={Romero, Adriana and Ballas, Nicolas and Kahou, Ebrahimi Samira and Chassang, Antoine and Gatta, Carlo and Bengio, Yoshua},
	journal={international conference on learning representations},
	year={2015}
}

@article{RN981,
	author = {Romero, Adriana and Ballas, Nicolas and Kahou, Ebrahimi Samira and Chassang, Antoine and Gatta, Carlo and Bengio, Yoshua},
	title = {FitNets: Hints for Thin Deep Nets},
	journal = {international conference on learning representations},
	year = {2015},
	type = {Journal Article}
}

@article{RN991,
	author = {Russakovsky, Olga and Deng, Jia and Su, Hao and Krause, Jonathan and Satheesh, Sanjeev and Ma, Sean and Huang, Zhiheng and Karpathy, Andrej and Khosla, Aditya and Bernstein, S. Michael and Berg, C. Alexander and Fei-Fei, Li},
	title = {ImageNet Large Scale Visual Recognition Challenge},
	journal = {International Journal of Computer Vision},
	year = {2015},
	type = {Journal Article}
}

@article{RN455,
	author = {Sadeghian, Amir and Alahi, Alexandre and Savarese, Silvio},
	title = {Tracking the untrackable: Learning to track multiple cues with long-term dependencies},
	journal = {arXiv preprint arXiv:1701.01909},
	volume = {4},
	number = {5},
	pages = {6},
	year = {2017},
	type = {Journal Article}
}

@article{RN988,
	author = {Schaefer, Scott and McPhail, Travis and Warren, D. Joe},
	title = {Image deformation using moving least squares},
	journal = {ACM Trans. Graph.},
	pages = {533-540},
	year = {2006},
	type = {Journal Article}
}

@article{RN550,
	author = {Sheng, Hao and Chen, Jiahui and Zhang, Yang and Ke, Wei and Xiong, Zhang and Yu, Jingyi},
	title = {Iterative Multiple Hypothesis Tracking with Tracklet-level Association},
	journal = {IEEE Transactions on Circuits and Systems for Video Technology},
	ISSN = {1051-8215},
	year = {2018},
	type = {Journal Article}
}

@article{RN985,
	author = {Sun, Yifan and Zheng, Liang and Yang, Yi and Tian, Qi and Wang, Shengjin},
	title = {Beyond Part Models: Person Retrieval with Refined Part Pooling},
	journal = {arXiv: Computer Vision and Pattern Recognition},
	year = {2017},
	type = {Journal Article}
}

@article{tang2017multiple,
	title={Multiple People Tracking by Lifted Multicut and Person Re-identification},
	author={Tang, Siyu and Andriluka, Mykhaylo and Andres, Bjoern and Schiele, Bernt},
	journal={CVPR},
	pages={3701--3710},
	year={2017}
}

@article{tang2017multiple,
	title={Multiple People Tracking by Lifted Multicut and Person Re-identification},
	author={Tang, Siyu and Andriluka, Mykhaylo and Andres, Bjoern and Schiele, Bernt},
	journal={CVPR},
	pages={3701--3710},
	year={2017}
}

@inproceedings{RN972,
	author = {Tang, Siyu and Andriluka, Mykhaylo and Andres, Bjoern and Schiele, Bernt},
	title = {Multiple People Tracking by Lifted Multicut and Person Re-identification},
	booktitle = {CVPR, 2017},
	type = {Conference Proceedings}
}

@article{RN1000,
	author = {Tian, Wei and Lauer, Martin and Chen, Long},
	title = {Online multi-object tracking using joint domain information in traffic scenarios},
	journal = {IEEE Transactions on Intelligent Transportation Systems},
	volume = {21},
	number = {1},
	pages = {374-384},
	ISSN = {1524-9050},
	year = {2019},
	type = {Journal Article}
}

@article{RN978,
	author = {Tran, Du and Bourdev, Lubomir and Fergus, Rob and Torresani, Lorenzo and Paluri, Manohar},
	title = {Learning spatiotemporal features with 3D convolutional networks},
	year = {2015},
	type = {Journal Article}
}

@article{RN1004,
	author = {Wang, Haidong and Wang, Saizhou and Lv, Jingyi and Hu, Chenming and Li, Zhiyong},
	title = {Non-local attention association scheme for online multi-object tracking},
	journal = {Image and Vision Computing},
	pages = {103983},
	ISSN = {0262-8856},
	year = {2020},
	type = {Journal Article}
}

@article{RN580,
	title={Non-local Neural Networks},
	author={Wang, Xiaolong and Girshick, B. Ross and Gupta, Abhinav and He, Kaiming},
	journal={CVPR},
	year={2018}
}


@article{xu2019spatial-temporal,
	title={Spatial-Temporal Relation Networks for Multi-Object Tracking},
	author={Xu, Jiarui and Cao, Yue and Zhang, Zheng and Hu, Han},
	journal={International Conference on Computer Vision},
	pages={3988--3998},
	year={2019}
}

@inproceedings{RN999,
	author = {Xu, Jiarui and Cao, Yue and Zhang, Zheng and Hu, Han},
	title = {Spatial-temporal relation networks for multi-object tracking},
	booktitle = {Proceedings of the IEEE International Conference on Computer Vision (CVPR, 2019)},
	pages = {3988-3998},
	type = {Conference Proceedings}
}

@article{RN89,
	author = {Xu, Wei and Xu, Wei and Yang, Ming and Yu, Kai},
	title = {3D Convolutional Neural Networks for Human Action Recognition},
	journal = {IEEE Transactions on Pattern Analysis \& Machine Intelligence},
	volume = {35},
	number = {1},
	pages = {221-231},
	year = {2012},
	type = {Journal Article}
}

@article{yang2016exploit,
	title={Exploit All the Layers: Fast and Accurate CNN Object Detector with Scale Dependent Pooling and Cascaded Rejection Classifiers},
	author={Yang, Fan and Choi, Wongun and Lin, Yuanqing},
	journal={CVPR},
	pages={2129--2137},
	year={2016}
}

@inproceedings{RN585,
	author = {Yang, Fan and Choi, Wongun and Lin, Yuanqing},
	title = {Exploit All the Layers: Fast and Accurate CNN Object Detector with Scale Dependent Pooling and Cascaded Rejection Classifiers},
	booktitle = {2016 IEEE Conference on Computer Vision and Pattern Recognition (CVPR)},
	type = {Conference Proceedings}
}

@article{junbo2020a,
	title={A Unified Object Motion and Affinity Model for Online Multi-Object
	Tracking},
	author={Junbo, Yin and Wenguan, Wang and Qinghao, Meng and Ruigang, Yang and Jianbing, Shen},
	journal={CVPR},
	pages={6767--6776},
	year={2020}
}


@inproceedings{RN1211,
	author = {Yin, Junbo and Wang, Wenguan and Meng, Qinghao and Yang, Ruigang and Shen, Jianbing},
	title = {A Unified Object Motion and Affinity Model for Online Multi-Object Tracking},
	booktitle = {Proceedings of the IEEE/CVF Conference on Computer Vision and Pattern Recognition},
	pages = {6768-6777},
	type = {Conference Proceedings}
}

@article{RN986,
	author = {You, Jinjie and Wu, Ancong and Li, Xiang and Zheng, Wei-Shi},
	title = {Top-Push Video-Based Person Re-identification},
	journal = {CVPR},
	pages = {1345-1353},
	year = {2016},
	type = {Journal Article}
}

@article{RN969,
	author = {Zhang, Dongyu and Wu, Wenxi and Cheng, Hui and Zhang, Ruimao and Dong, Zhenjiang and Cai, Zhaoquan},
	title = {Image-to-Video Person Re-Identification With Temporally Memorized Similarity Learning},
	journal = {IEEE Trans. Circuits Syst. Video Techn.},
	pages = {2622-2632},
	year = {2018},
	type = {Journal Article}
}

@article{RN973,
	author = {Zhang, Li and Li, Yuan and Nevatia, Ramakant},
	title = {Global data association for multi-object tracking using network flows},
	journal = {CVPR},
	pages = {1-8},
	year = {2008},
	type = {Journal Article}
}

@article{RN984,
	author = {Zhang, Xuan and Luo, Hao and Fan, Xing and Xiang, Weilai and Sun, Yixiao and Xiao, Qiqi and Jiang, Wei and Zhang, Chi and Sun, Jian},
	title = {AlignedReID: Surpassing Human-Level Performance in Person Re-Identification},
	year = {2017},
	journal={Computer Vision and Pattern Recognition}
	type = {Journal Article}
}

@article{RN983,
	author = {Zhang, Ying and Xiang, Tao and Hospedales, M. Timothy and Lu, Huchuan},
	title = {Deep Mutual Learning},
	journal = {CVPR},
	year = {2018},
	type = {Journal Article}
}

@article{RN990,
	author = {Zheng, Liang and Shen, Liyue and Tian, Lu and Wang, Shengjin and Wang, Jingdong and Tian, Qi},
	title = {Scalable Person Re-Identification: A Benchmark},
	journal = {ICCV},
	year = {2015},
	type = {Journal Article}
}

@article{RN974,
	author = {Zheng, Yunmei and Shi, Zhiguo and Lu, Rongxing and Hong, Shaohua and Shen, Xuemin},
	title = {An Efficient Data-Driven Particle PHD Filter for Multitarget Tracking},
	journal = {IEEE Trans. Industrial Informatics},
	pages = {2318-2326},
	year = {2012},
	type = {Journal Article}
}

@article{RN970,
	author = {Zhu, Xiaoke and Jing, Xiao-Yuan and Wu, Fei and Wang, Yunhong and Zuo, Wangmeng and Zheng, Wei-Shi},
	title = {Learning Heterogeneous Dictionary Pair with Feature Projection Matrix for Pedestrian Video Retrieval via Single Query Image},
	journal = {AAAI},
	pages = {4341-4348},
	year = {2017},
	type = {Journal Article}
}

% end STURE


% JDAN
@article{RN1215,
	author = {Li, Zhiyong and Nai, Ke and Li, Guiji and Jiang, Shilong},
	title = {Learning a Dynamic Feature Fusion Tracker for Object Tracking},
	journal = {IEEE Transactions on Intelligent Transportation Systems},
	ISSN = {1524-9050},
	year = {2020},
	type = {Journal Article}
}

@article{RN1002,
	author = {Chen, Peng and Dang, Yuanjie and Liang, Ronghua and Zhu, Wei and He, Xiaofei},
	title = {Real-time object tracking on a drone with multi-inertial sensing data},
	journal = {IEEE Transactions on Intelligent Transportation Systems},
	volume = {19},
	number = {1},
	pages = {131-139},
	ISSN = {1524-9050},
	year = {2017},
	type = {Journal Article}
}

@article{dynamic_fusion,
	author = {Li, Zhiyong and Nai, Ke and Li, Guiji and Jiang, Shilong},
	year = {2020},
	month = {10},
	pages = {1-13},
	title = {Learning a Dynamic Feature Fusion Tracker for Object Tracking},
	volume = {PP},
	journal = {IEEE Transactions on Intelligent Transportation Systems},
	doi = {10.1109/TITS.2020.3027521}
}

@article{weight_sparse,
	title={Robust object tracking via weight-based local sparse appearance model},
	author={Li, Zhiyong and Wang, Dongming and Nai, Ke and Shen, Tong and Zeng, Ying},
	journal={ICNC-FSKD},
	pages={560--565},
	year={2016}
}

@article{local_sparse,
	title={Robust Object Tracking via Local Sparse Appearance Model},
	author={Nai, Ke and Li, Zhiyong and Li, Guiji and Wang, Shanquan},
	journal={IEEE Transactions on Image Processing},
	pages={4958--4970},
	year={2018}
}

@article{multi_pattern,
	title={Multi-pattern correlation tracking},
	author={Nai, Ke and Xiao, Degui and Li, Zhiyong and Jiang, Shilong and Gu, Yu},
	journal={Knowl.-Based Syst.},
	year={2019}
}

@article{memory_improved,
	title={Multi-view correlation tracking with adaptive memory-improved update model},
	author={Li, Guiji and Peng, Manman and Nai, Ke and Li, Zhiyong and Li, Keqin},
	journal={Neural Computing and Applications},
	pages={9047--9063},
	year={2019}
}

@article{expanded_re,
	title={Person re-identification with expanded neighborhoods distance re-ranking},
	author={Lv, Jingyi and Li, Zhiyong and Nai, Ke and Chen, Ying and Yuan, Jin},
	journal={Image and Vision Computing},
	year={2020}
}

@article{k_reciprocal,
	title={Person re-identification based on re-ranking with expanded k-reciprocal nearest neighbors},
	author={Chen, Ying and Yuan, Jin and Li, Zhiyong and Wu, Yiqiang and Nouioua, Mourad and Xie, Guoqi},
	journal={J. Visual Communication and Image Representation},
	pages={486--494},
	year={2019}
}

@article{nonlocal_association,
	author = {Wang, Haidong and Wang, Saizhou and Lv, Jingyi and Hu, Chenming and Li, Zhiyong},
	title = {Non-local attention association scheme for online multi-object tracking},
	journal = {Image and Vision Computing},
	pages = {103983},
	ISSN = {0262-8856},
	year = {2020},
	type = {Journal Article}
}



@article{hadamard,
	title={Hadamard Product for Low-rank Bilinear Pooling},
	author={Kim, Jin-Hwa and On, Woon Kyoung and Kim, Jeonghee and Ha, JungWoo and Zhang, Byoung-Tak},
	journal={ICLR},
	year={2017}
}


@article{clear,
	title={Evaluating multiple object tracking performance: the CLEAR MOT metrics},
	author={Bernardin, Keni and Stiefelhagen, Rainer},
	journal={EURASIP J. Image and Video Processing},
	pages={ArticleNo.1--ArticleNo.1},
	year={2008}
}

@article{auto_driving,
	title={Are we ready for autonomous driving? The KITTI vision benchmark suite},
	author={geiger, andreas and lenz, philip and urtasun, raquel},
	journal={Computer Vision and Pattern Recognition},
	pages={3354--3361},
	year={2012}
}

@article{sdp,
	title={Exploit All the Layers: Fast and Accurate CNN Object Detector with Scale Dependent Pooling and Cascaded Rejection Classifiers},
	author={Yang, Fan and Choi, Wongun and Lin, Yuanqing},
	journal={CVPR},
	pages={2129--2137},
	year={2016}
}


@article{inception,
	title={Rethinking the Inception Architecture for Computer Vision},
	author={szegedy, christian and vanhoucke, vincent and ioffe, sergey and shlens, jonathon and wojna, zbigniew},
	journal={CVPR},
	year={2016}
}

@article{train_mot,
	title={How to Train Your Deep Multi-Object Tracker},
	author={Xu, Yihong and Osep, Aljosa and Ban, Yutong and Horaud, Radu and Leal-Taixé, Laura and Alameda-Pineda, Xavier},
	journal={CVPR},
	pages={6786--6795},
	year={2020}
}

@article{gm_phd,
	title={Multi-Level Cooperative Fusion of GM-PHD Filters for Online Multiple Human Tracking},
	author={Fu, Zeyu and Angelini, Federico and Chambers, Jonathon and Naqvi, Mohsen Syed},
	journal={IEEE Transactions on Multimedia},
	pages={1--1},
	year={2019}
}

@article{dual_matching,
	title={Online Multi-Object Tracking with Dual Matching Attention Networks},
	author={Zhu, Ji and Yang, Hua and Liu, Nian and Kim, Minyoung and Zhang, Wenjun and Yang, Ming-Hsuan},
	journal={ECCV},
	pages={379--396},
	year={2018}
}

@article{deformable,
	title={Deformable Convolutional Networks},
	author={Dai, Jifeng and Qi, Haozhi and Xiong, Yuwen and Li, Yi and Zhang, Guodong and Hu, Han and Wei, Yichen},
	journal={ICCV},
	year={2017}
}


@article{deep_sort,
	title={Simple Online and Realtime Tracking with a Deep Association Metric},
	author={Wojke, Nicolai and Bewley, Alex and Paulus, Dietrich},
	journal={ICIP},
	year={2017}
}

@inproceedings{jde,
	title={Towards real-time multi-object tracking},
	author={Wang, Zhongdao and Zheng, Liang and Liu, Yixuan and Li, Yali and Wang, Shengjin},
	booktitle={European Conference on Computer Vision},
	pages={107--122},
	year={2020},
	organization={Springer}
}

@article{bae2017confidence,
	author = {Bae, Seung-Hwan and Yoon, Kuk-Jin},
	title = {Confidence-Based Data Association and Discriminative Deep Appearance Learning for Robust Online Multi-Object Tracking},
	journal = {IEEE Transactions on Pattern Analysis and Machine Intelligence},
	pages = {1-1},
	year = {2018},
	type = {Journal Article}
}

@article{tracktor,
	author = {Bergmann, Philipp and Meinhardt, Tim and Leal-Taixe, Laura},
	title = {Tracking without bells and whistles},
	journal = {arXiv preprint arXiv:1903.05625},
	year = {2019},
	type = {Journal Article}
}

@article{bernardin2008evaluating,
	author = {Bernardin, Keni and Stiefelhagen, Rainer},
	title = {Evaluating multiple object tracking performance: the CLEAR MOT metrics},
	journal = {Journal on Image and Video Processing},
	volume = {2008},
	pages = {1},
	ISSN = {1687-5176},
	year = {2008},
	type = {Journal Article}
}

@inproceedings{bewley2016simple,
	author = {Bewley, Alex and Ge, Zongyuan and Ott, Lionel and Ramos, Fabio and Upcroft, Ben},
	title = {Simple online and realtime tracking},
	booktitle = {2016 IEEE International Conference on Image Processing (ICIP)},
	publisher = {IEEE},
	pages = {3464-3468},
	ISBN = {1467399612},
	year = {2016},
	type = {Conference Proceedings}
}

@inproceedings{bolme2010visual,
	author = {Bolme, David S and Beveridge, J Ross and Draper, Bruce A and Lui, Yui Man},
	title = {Visual object tracking using adaptive correlation filters},
	booktitle = {2010 IEEE computer society conference on computer vision and pattern recognition},
	publisher = {IEEE},
	pages = {2544-2550},
	ISBN = {1424469856},
	year = {2010},
	type = {Conference Proceedings}
}

@inproceedings{cai2018cascade,
	author = {Cai, Zhaowei and Vasconcelos, Nuno},
	title = {Cascade r-cnn: Delving into high quality object detection},
	booktitle = {Proceedings of the IEEE conference on computer vision and pattern recognition},
	pages = {6154-6162},
	year = {2018},
	type = {Conference Proceedings}
}

@inproceedings{chen2017online,
	author = {Chen, Long and Ai, Haizhou and Shang, Chong and Zhuang, Zijie and Bai, Bo},
	title = {Online multi-object tracking with convolutional neural networks},
	booktitle = {2017 IEEE International Conference on Image Processing (ICIP)},
	publisher = {IEEE},
	pages = {645-649},
	ISBN = {1509021752},
	year = {2017},
	type = {Conference Proceedings}
}

@article{famnet,
	author = {Chu, Peng and Ling, Haibin},
	title = {FAMNet: Joint Learning of Feature, Affinity and Multi-dimensional Assignment for Online Multiple Object Tracking},
	journal = {arXiv preprint arXiv:1904.04989},
	year = {2019},
	type = {Journal Article}
}

@article{dendorfer2019cvpr19,
	author = {Dendorfer, Patrick and Rezatofighi, Hamid and Milan, Anton and Shi, Javen and Cremers, Daniel and Reid, Ian and Roth, Stefan and Schindler, Konrad and Leal-Taixe, Laura},
	title = {CVPR19 Tracking and Detection Challenge: How crowded can it get?},
	journal = {arXiv preprint arXiv:1906.04567},
	year = {2019},
	type = {Journal Article}
}

@inproceedings{dollar2009pedestrian,
	author = {Dollár, Piotr and Wojek, Christian and Schiele, Bernt and Perona, Pietro},
	title = {Pedestrian detection: A benchmark},
	booktitle = {2009 IEEE Conference on Computer Vision and Pattern Recognition},
	publisher = {IEEE},
	pages = {304-311},
	ISBN = {1424439922},
	year = {2009},
	type = {Conference Proceedings}
}

@inproceedings{duan2019centernet,
	author = {Duan, Kaiwen and Bai, Song and Xie, Lingxi and Qi, Honggang and Huang, Qingming and Tian, Qi},
	title = {Centernet: Keypoint triplets for object detection},
	booktitle = {Proceedings of the IEEE International Conference on Computer Vision},
	pages = {6569-6578},
	year = {2019},
	type = {Conference Proceedings}
}

@inproceedings{ess2008mobile,
	author = {Ess, Andreas and Leibe, Bastian and Schindler, Konrad and Van Gool, Luc},
	title = {A mobile vision system for robust multi-person tracking},
	booktitle = {2008 IEEE Conference on Computer Vision and Pattern Recognition},
	publisher = {IEEE},
	pages = {1-8},
	ISBN = {1424422426},
	year = {2008},
	type = {Conference Proceedings}
}

@inproceedings{fang2018recurrent,
	author = {Fang, Kuan and Xiang, Yu and Li, Xiaocheng and Savarese, Silvio},
	title = {Recurrent autoregressive networks for online multi-object tracking},
	booktitle = {2018 IEEE Winter Conference on Applications of Computer Vision (WACV)},
	publisher = {IEEE},
	pages = {466-475},
	ISBN = {1538648865},
	year = {2018},
	type = {Conference Proceedings}
}

@article{feng2019multi,
	author = {Feng, Weitao and Hu, Zhihao and Wu, Wei and Yan, Junjie and Ouyang, Wanli},
	title = {Multi-Object Tracking with Multiple Cues and Switcher-Aware Classification},
	journal = {arXiv: Computer Vision and Pattern Recognition},
	year = {2019},
	type = {Journal Article}
}

@article{he2017mask,
	author = {He, Kaiming and Gkioxari, Georgia and Dollar, Piotr and Girshick, Ross},
	title = {Mask R-CNN},
	journal = {IEEE Transactions on Pattern Analysis \& Machine Intelligence},
	volume = {PP},
	number = {99},
	pages = {1-1},
	year = {2017},
	type = {Journal Article}
}

@inproceedings{resnet,
	author = {He, Kaiming and Zhang, Xiangyu and Ren, Shaoqing and Sun, Jian},
	title = {Deep residual learning for image recognition},
	booktitle = {Proceedings of the IEEE conference on computer vision and pattern recognition (CVPR, 2016)},
	pages = {770-778},
	year = {2016},
	type = {Conference Proceedings}
}

@article{kernelized,
	author = {Henriques, João F and Caseiro, Rui and Martins, Pedro and Batista, Jorge},
	title = {High-speed tracking with kernelized correlation filters},
	journal = {IEEE transactions on pattern analysis and machine intelligence},
	volume = {37},
	number = {3},
	pages = {583-596},
	ISSN = {0162-8828},
	year = {2014},
	type = {Journal Article}
}

@inproceedings{henschel2019multiple,
	author = {Henschel, Roberto and Zou, Yunzhe and Rosenhahn, Bodo},
	title = {Multiple people tracking using body and joint detections},
	booktitle = {Proceedings of the IEEE Conference on Computer Vision and Pattern Recognition Workshops},
	pages = {0-0},
	year = {2019},
	type = {Conference Proceedings}
}

@inproceedings{kendall2018multi,
	author = {Kendall, Alex and Gal, Yarin and Cipolla, Roberto},
	title = {Multi-task learning using uncertainty to weigh losses for scene geometry and semantics},
	booktitle = {Proceedings of the IEEE conference on computer vision and pattern recognition},
	pages = {7482-7491},
	year = {2018},
	type = {Conference Proceedings}
}

@inproceedings{kokkinos2017ubernet,
	author = {Kokkinos, Iasonas},
	title = {Ubernet: Training a universal convolutional neural network for low-, mid-, and high-level vision using diverse datasets and limited memory},
	booktitle = {Proceedings of the IEEE Conference on Computer Vision and Pattern Recognition},
	pages = {6129-6138},
	year = {2017},
	type = {Conference Proceedings}
}

@article{kuhn1955hungarian,
	author = {Kuhn, Harold W},
	title = {The Hungarian method for the assignment problem},
	journal = {Naval research logistics quarterly},
	volume = {2},
	number = {1‐2},
	pages = {83-97},
	ISSN = {0028-1441},
	year = {1955},
	type = {Journal Article}
}

@inproceedings{cornernet,
	author = {Law, Hei and Deng, Jia},
	title = {Cornernet: Detecting objects as paired keypoints},
	booktitle = {Proceedings of the European Conference on Computer Vision (ECCV)},
	pages = {734-750},
	year = {2018},
	type = {Conference Proceedings}
}

@article{leal2015motchallenge,
	author = {Leal-Taixé, Laura and Milan, Anton and Reid, Ian and Roth, Stefan and Schindler, Konrad},
	title = {Motchallenge 2015: Towards a benchmark for multi-target tracking},
	journal = {arXiv preprint arXiv:1504.01942},
	year = {2015},
	type = {Journal Article}
}

@inproceedings{fpn,
	author = {Lin, Tsung-Yi and Dollár, Piotr and Girshick, Ross and He, Kaiming and Hariharan, Bharath and Belongie, Serge},
	title = {Feature pyramid networks for object detection},
	booktitle = {Proceedings of the IEEE conference on computer vision and pattern recognition},
	pages = {2117-2125},
	year = {2017},
	type = {Conference Proceedings}
}

@inproceedings{lin2017focal,
	author = {Lin, Tsung-Yi and Goyal, Priya and Girshick, Ross and He, Kaiming and Dollár, Piotr},
	title = {Focal loss for dense object detection},
	booktitle = {Proceedings of the IEEE international conference on computer vision},
	pages = {2980-2988},
	year = {2017},
	type = {Conference Proceedings}
}

@inproceedings{lin2014microsoft,
	author = {Lin, Tsung-Yi and Maire, Michael and Belongie, Serge and Hays, James and Perona, Pietro and Ramanan, Deva and Dollár, Piotr and Zitnick, C Lawrence},
	title = {Microsoft coco: Common objects in context},
	booktitle = {European conference on computer vision},
	publisher = {Springer},
	pages = {740-755},
	year = {2014},
	type = {Conference Proceedings}
}

@inproceedings{Liu2016,
	author = {Liu, Wei and Anguelov, Dragomir and Erhan, Dumitru and Szegedy, Christian and Reed, Scott and Fu, Cheng-Yang and Berg, Alexander C},
	title = {Ssd: Single shot multibox detector},
	booktitle = {European conference on computer vision},
	publisher = {Springer},
	pages = {21-37},
	year = {2016},
	type = {Conference Proceedings}
}

@inproceedings{chen2018real,
	author = {Long, Chen and Haizhou, Ai and Zijie, Zhuang and Chong, Shang},
	title = {Real-time multiple people tracking with deeply learned candidate selection and person re-identification},
	booktitle = {ICME},
	volume = {5},
	pages = {8},
	year = {2018},
	type = {Conference Proceedings}
}

@inproceedings{Lyu2017,
	author = {Lyu, Siwei and Chang, Ming-Ching and Du, Dawei and Li, Wenbo and Wei, Yi and Del Coco, Marco and Carcagnì, Pierluigi and Schumann, Arne and Munjal, Bharti and Choi, Doo-Hyun},
	title = {UA-DETRAC 2018: Report of AVSS2018 \& IWT4S challenge on advanced traffic monitoring},
	booktitle = {2018 15th IEEE International Conference on Advanced Video and Signal Based Surveillance (AVSS)},
	publisher = {IEEE},
	pages = {1-6},
	ISBN = {1538692945},
	year = {2018},
	type = {Conference Proceedings}
}

@article{maaten2008visualizing,
	author = {Maaten, Laurens van der and Hinton, Geoffrey},
	title = {Visualizing data using t-SNE},
	journal = {Journal of machine learning research},
	volume = {9},
	number = {Nov},
	pages = {2579-2605},
	year = {2008},
	type = {Journal Article}
}

@article{mahmoudi2019multi,
	author = {Mahmoudi, Nima and Ahadi, Seyed Mohammad and Rahmati, Mohammad},
	title = {Multi-target tracking using CNN-based features: CNNMTT},
	journal = {Multimedia Tools and Applications},
	volume = {78},
	number = {6},
	pages = {7077-7096},
	ISSN = {1380-7501},
	year = {2019},
	type = {Journal Article}
}

@article{mot16,
	author = {Milan, Anton and Leal-Taixe, Laura and Reid, Ian and Roth, Stefan and Schindler, Konrad},
	title = {MOT16: A Benchmark for Multi-Object Tracking},
	year = {2016},
	type = {Journal Article}
}

@article{Munkres1957,
	author = {Munkres and James},
	title = {Algorithms for the Assignment and Transportation Problems},
	journal = {Journal of the Society for Industrial \& Applied Mathematics},
	volume = {5},
	number = {1},
	pages = {32-38},
	type = {Journal Article}
}

@inproceedings{pytorch,
	author = {Paszke, Adam and Gross, Sam and Massa, Francisco and Lerer, Adam and Bradbury, James and Chanan, Gregory and Killeen, Trevor and Lin, Zeming and Gimelshein, Natalia and Antiga, Luca},
	title = {PyTorch: An imperative style, high-performance deep learning library},
	booktitle = {Advances in Neural Information Processing Systems (NIPS, 2019)},
	pages = {8024-8035},
	year = {2019},
	type = {Conference Proceedings}
}

@article{ranjan2017hyperface,
	author = {Ranjan, Rajeev and Patel, Vishal M and Chellappa, Rama},
	title = {Hyperface: A deep multi-task learning framework for face detection, landmark localization, pose estimation, and gender recognition},
	journal = {IEEE Transactions on Pattern Analysis and Machine Intelligence},
	volume = {41},
	number = {1},
	pages = {121-135},
	ISSN = {0162-8828},
	year = {2017},
	type = {Journal Article}
}

@article{redmon2018yolov3,
	author = {Redmon, Joseph and Farhadi, Ali},
	title = {Yolov3: An incremental improvement},
	journal = {arXiv preprint arXiv:1804.02767},
	year = {2018},
	type = {Journal Article}
}

@inproceedings{faster,
	author = {Ren, Shaoqing and He, Kaiming and Girshick, Ross and Sun, Jian},
	title = {Faster R-CNN: towards real-time object detection with region proposal networks},
	booktitle = {International Conference on Neural Information Processing Systems (NIPS 2015)},
	pages = {91-99},
	year = {2015},
	type = {Conference Proceedings}
}

@inproceedings{ristani2016performance,
	author = {Ristani, Ergys and Solera, Francesco and Zou, Roger and Cucchiara, Rita and Tomasi, Carlo},
	title = {Performance measures and a data set for multi-target, multi-camera tracking},
	booktitle = {European Conference on Computer Vision (ECCV, 2016)},
	publisher = {Springer},
	pages = {17-35},
	year = {2016},
	type = {Conference Proceedings}
}

@inproceedings{sanchez2016online,
	author = {Sanchez-Matilla, Ricardo and Poiesi, Fabio and Cavallaro, Andrea},
	title = {Online multi-target tracking with strong and weak detections},
	booktitle = {European Conference on Computer Vision},
	publisher = {Springer},
	pages = {84-99},
	year = {2016},
	type = {Conference Proceedings}
}

@inproceedings{sener2018multi,
	author = {Sener, Ozan and Koltun, Vladlen},
	title = {Multi-task learning as multi-objective optimization},
	booktitle = {Advances in Neural Information Processing Systems},
	pages = {527-538},
	year = {2018},
	type = {Conference Proceedings}
}

@inproceedings{sun2019hrnet,
	author = {Sun, Ke and Xiao, Bin and Liu, Dong and Wang, Jingdong},
	title = {Deep High-Resolution Representation Learning for Human Pose Estimation},
	year = {2019},
	type = {Conference Proceedings}
}

@article{dan,
	author = {Sun, ShiJie and Akhtar, Naveed and Song, HuanSheng and Mian, Ajmal S and Shah, Mubarak},
	title = {Deep affinity network for multiple object tracking},
	journal = {IEEE transactions on pattern analysis and machine intelligence},
	ISSN = {0162-8828},
	year = {2019},
	type = {Journal Article}
}

@article{voigtlaender2019mots,
	author = {Voigtlaender, Paul and Krause, Michael and Osep, Aljosa and Luiten, Jonathon and Sekar, Balachandar Gnana Berin and Geiger, Andreas and Leibe, Bastian},
	title = {MOTS: Multi-Object Tracking and Segmentation},
	journal = {CVPR},
	pages = {7942-7951},
	year = {2019},
	type = {Journal Article}
}

@inproceedings{wan2018multi,
	author = {Wan, Xingyu and Wang, Jinjun and Kong, Zhifeng and Zhao, Qing and Deng, Shunming},
	title = {Multi-object tracking using online metric learning with long short-term memory},
	booktitle = {2018 25th IEEE International Conference on Image Processing (ICIP)},
	publisher = {IEEE},
	pages = {788-792},
	ISBN = {1479970611},
	year = {2018},
	type = {Conference Proceedings}
}

@article{wang2019deep,
	author = {Wang, Jingdong and Sun, Ke and Cheng, Tianheng and Jiang, Borui and Deng, Chaorui and Zhao, Yang and Liu, Dong and Mu, Yadong and Tan, Mingkui and Wang, Xinggang},
	title = {Deep high-resolution representation learning for visual recognition},
	journal = {IEEE transactions on pattern analysis and machine intelligence},
	ISSN = {0162-8828},
	year = {2020},
	type = {Journal Article}
}

@inproceedings{welch1995introduction,
	author = {Welch, Greg and Bishop, Gary},
	title = {An introduction to the Kalman filter},
	publisher = {Citeseer},
	year = {1995},
	type = {Conference Proceedings}
}

@inproceedings{xiang2015learning,
	author = {Xiang, Yu and Alahi, Alexandre and Savarese, Silvio},
	title = {Learning to Track: Online Multi-object Tracking by Decision Making},
	booktitle = {IEEE International Conference on Computer Vision},
	pages = {4705-4713},
	year = {2015},
	type = {Conference Proceedings}
}

@inproceedings{xiao2017joint,
	author = {Xiao, Tong and Li, Shuang and Wang, Bochao and Lin, Liang and Wang, Xiaogang},
	title = {Joint detection and identification feature learning for person search},
	booktitle = {Proceedings of the IEEE Conference on Computer Vision and Pattern Recognition},
	pages = {3415-3424},
	year = {2017},
	type = {Conference Proceedings}
}

@inproceedings{poi,
	author = {Yu, Fengwei and Li, Wenbo and Li, Quanquan and Liu, Yu and Shi, Xiaohua and Yan, Junjie},
	title = {Poi: Multiple object tracking with high performance detection and appearance feature},
	booktitle = {European Conference on Computer Vision},
	publisher = {Springer},
	pages = {36-42},
	year = {2016},
	type = {Conference Proceedings}
}

@inproceedings{dla,
	author = {Yu, Fisher and Wang, Dequan and Shelhamer, Evan and Darrell, Trevor},
	title = {Deep layer aggregation},
	booktitle = {Proceedings of the IEEE conference on computer vision and pattern recognition},
	pages = {2403-2412},
	year = {2018},
	type = {Conference Proceedings}
}

@inproceedings{zhang2017citypersons,
	author = {Zhang, Shanshan and Benenson, Rodrigo and Schiele, Bernt},
	title = {Citypersons: A diverse dataset for pedestrian detection},
	booktitle = {Proceedings of the IEEE Conference on Computer Vision and Pattern Recognition},
	pages = {3213-3221},
	year = {2017},
	type = {Conference Proceedings}
}

@inproceedings{sgd,
	author = {Zhang, Sixin and Choromanska, Anna E and LeCun, Yann},
	title = {Deep learning with elastic averaging SGD},
	booktitle = {Advances in neural information processing systems},
	pages = {685-693},
	year = {2015},
	type = {Conference Proceedings}
}

@article{fairmot,
	title={Fairmot: On the fairness of detection and re-identification in multiple object tracking},
	author={Zhang, Yifu and Wang, Chunyu and Wang, Xinggang and Zeng, Wenjun and Liu, Wenyu},
	journal={International Journal of Computer Vision},
	volume={129},
	pages={3069--3087},
	year={2021},
	publisher={Springer}
}

@inproceedings{zheng2017person,
	author = {Zheng, Liang and Zhang, Hengheng and Sun, Shaoyan and Chandraker, Manmohan and Yang, Yi and Tian, Qi},
	title = {Person re-identification in the wild},
	booktitle = {Proceedings of the IEEE Conference on Computer Vision and Pattern Recognition},
	pages = {1367-1376},
	year = {2017},
	type = {Conference Proceedings}
}

@article{point,
	author = {Zhou, Xingyi and Wang, Dequan and Krähenbühl, Philipp},
	title = {Objects as points},
	journal = {arXiv preprint arXiv:1904.07850},
	year = {2019},
	type = {Journal Article}
}

@inproceedings{zhou2019bottom,
	author = {Zhou, Xingyi and Zhuo, Jiacheng and Krahenbuhl, Philipp},
	title = {Bottom-up object detection by grouping extreme and center points},
	booktitle = {Proceedings of the IEEE Conference on Computer Vision and Pattern Recognition},
	pages = {850-859},
	year = {2019},
	type = {Conference Proceedings}
}

@inproceedings{zhou2018online,
	author = {Zhou, Zongwei and Xing, Junliang and Zhang, Mengdan and Hu, Weiming},
	title = {Online multi-target tracking with tensor-based high-order graph matching},
	booktitle = {2018 24th International Conference on Pattern Recognition (ICPR)},
	publisher = {IEEE},
	pages = {1809-1814},
	ISBN = {153863788X},
	year = {2018},
	type = {Conference Proceedings}
}

@inproceedings{zhu2019deformable,
	author = {Zhu, Xizhou and Hu, Han and Lin, Stephen and Dai, Jifeng},
	title = {Deformable convnets v2: More deformable, better results},
	booktitle = {Proceedings of the IEEE Conference on Computer Vision and Pattern Recognition},
	pages = {9308-9316},
	year = {2019},
	type = {Conference Proceedings}
}
% end JDAN






% 乃科师兄单目标跟踪
@article{cutting2011quicker,
	title={Quicker, faster, darker: Changes in Hollywood film over 75 years},
	author={Cutting, E James and Brunick, L Kaitlin and Delong, E Jordan and Iricinschi, Catalina and Candan, Ayse},
	journal={i-Perception},
	pages={569--576},
	year={2011}
}

@article{missal2004supplementary,
	title={Supplementary eye fields stimulation facilitates anticipatory pursuit},
	author={Missal, M and Heinen, J S},
	journal={Journal of neurophysiology},
	pages={1257--1262},
	year={2004}
}

@article{lencer2004cortical,
	title={Cortical mechanisms of smooth pursuit eye movements with target blanking. An fMRI study},
	author={Lencer, Rebekka and Nagel, Matthias and Sprenger, Andreas and Zapf, Silke and Erdmann, Christian and Heide, Wolfgang and Binkofski, Ferdinand},
	journal={EUROPEAN JOURNAL OF NEUROSCIENCE},
	pages={1430--1436},
	year={2004}
}

@article{nackaerts2012recognizing,
	title={Recognizing biological motion and emotions from point-light displays in autism spectrum disorders},
	author={Nackaerts, Evelien and Wagemans, Johan and Helsen, Werner and Swinnen, P Stephan and Wenderoth, Nicole and Alaerts, Kaat},
	journal={PloS one},
	pages={e44473--e44473},
	year={2012}
}

@article{hubert2007brief,
	title={Brief report: recognition of emotional and non-emotional biological motion in individuals with autistic spectrum disorders},
	author={Hubert, B and Wicker, B and Moore, G D and Monfardini, E and Duverger, H and Fonséca, Da D and Deruelle, C},
	journal={Journal of autism and developmental disorders},
	pages={1386--1392},
	year={2007}
}

@article{alaerts2014underconnectivity,
	title={Underconnectivity of the superior temporal sulcus predicts emotion recognition deficits in autism},
	author={Alaerts, Kaat and Woolley, G Daniel and Steyaert, Jean and Martino, Di Adriana and Swinnen, P Stephan and Wenderoth, Nicole},
	journal={Social cognitive and affective neuroscience},
	pages={1589--1600},
	year={2014}
}


@article{freitag2008perception,
	title={Perception of biological motion in autism spectrum disorders},
	author={Freitag, M. Christine and Konrad, Carsten and Häberlen, Melanie and Kleser, Christina and Gontard, von Alexander and Reith, Wolfgang and Troje, F. Nikolaus and Krick, Christoph},
	journal={Neuropsychologia},
	pages={1480--1494},
	year={2008}
}

@article{lahnakoski2012naturalistic,
	title={Naturalistic FMRI mapping reveals superior temporal sulcus as the hub for the distributed brain network for social perception},
	author={Lahnakoski, M Juha and Glerean, Enrico and Salmi, Juha and Jääskeläinen, P Iiro and Sams, Mikko and Hari, Riitta and Nummenmaa, Lauri},
	journal={FRONTIERS IN HUMAN NEUROSCIENCE},
	pages={233--233},
	year={2012}
}

@article{hoffman2000distinct,
	title={Distinct representations of eye gaze and identity in the distributed human neural system for face perception},
	author={Hoffman, A E and Haxby, V J},
	journal={Nature neuroscience},
	pages={80--84},
	year={2000}
}

@article{allison2000social,
	title={Social perception from visual cues: role of the STS region},
	author={Allison, Truett and Puce, Aina and McCarthy, Gregory and Allison, Truett and Puce, Aina and McCarthy, Gregory},
	journal={Trends in Cognitive Sciences},
	pages={267--278},
	year={2000}
}

@article{grossman2010fmr,
	title={fMR-Adaptation Reveals Invariant Coding of Biological Motion on the Human STS},
	author={Grossman, D Emily and Jardine, L Nicole and Pyles, A John},
	journal={FRONTIERS IN HUMAN NEUROSCIENCE},
	pages={15--15},
	year={2010}
}

@article{jastorff2009human,
	title={Human functional magnetic resonance imaging reveals separation and integration of shape and motion cues in biological motion processing},
	author={Jastorff, Jan and Orban, A Guy},
	journal={The Journal of neuroscience : the official journal of the Society for Neuroscience},
	pages={7315--7329},
	year={2009}
}


@article{pinar2007superior,
	title={Superior temporal and premotor brain areas necessary for biological motion perception},
	author={Pinar, Ayse Saygin},
	journal={BRAIN},
	pages={2452--2461},
	year={2007}
}

@article{ohlendorf2010visual,
	title={Visual motion, eye motion, and relative motion: A parametric fMRI study of functional specializations of smooth pursuit eye movement network areas},
	author={Ohlendorf, Sabine and Sprenger, Andreas and Speck, Oliver and Glauche, Volkmar and Haller, Sven and Kimmig, Hubert},
	journal={Journal of vision},
	pages={21--21},
	year={2010}
}

@article{nagel2006parametric,
	title={Parametric modulation of cortical activation during smooth pursuit with and without target blanking. an fMRI study},
	author={Nagel, Matthias and Sprenger, Andreas and Zapf, Silke and Erdmann, Christian and Kömpf, Detlef and Heide, Wolfgang and Binkofski, Ferdinand and Lencer, Rebekka},
	journal={NeuroImage},
	pages={1319--1325},
	year={2006}
}

@article{lencer2008neurophysiology,
	title={Neurophysiology and neuroanatomy of smooth pursuit in humans},
	author={Lencer, Rebekka and Trillenberg, Peter},
	journal={Brain and Cognition},
	pages={219--228},
	year={2008}
}

@article{petit1999functional,
	title={Functional anatomy of pursuit eye movements in humans as revealed by fMRI},
	author={PETIT, LAURENT and HAXBY, V. JAMES and Laurent, Petit and Haxby, V. James},
	journal={Journal of neurophysiology},
	pages={463--471},
	year={1999}
}

@article{marsman2016a,
	title={A novel measure to determine viewing priority and its neural correlates in the human brain},
	author={Marsman, C. Jan-Bernard and Cornelissen, W. Frans and Dorr, Michael and Vig, Eleonora and Barth, Erhardt and Renken, Remco},
	journal={Journal of Vision},
	pages={3--3},
	year={2016}
}

@article{wu2015a,
	title={A critical role of temporoparietal junction in the integration of top‐down and bottom‐up attentional control},
	author={wu, qiong and chang, chifu and xi, sisi and huang, iwen and liu, zuxiang and juan, chihung and wu, yanhong and fan, jin},
	journal={Human Brain Mapping},
	year={2015}
}

@article{corbetta2000voluntary,
	title={Voluntary orienting is dissociated from target detection in human posterior parietal cortex},
	author={Corbetta, M and Kincade, M J and Ollinger, M J and McAvoy, P M and Shulman, L G},
	journal={Nature neuroscience},
	pages={292--297},
	year={2000}
}

@article{e2006the,
	title={The precuneus: a review of its functional anatomy and behavioural correlates},
	author={E, Andrea Cavanna and R, Michael Trimble},
	journal={BRAIN},
	pages={564--583},
	year={2006}
}

@article{kimmig2008fmri,
	title={fMRI evidence for sensorimotor transformations in human cortex during smooth pursuit eye movements},
	author={Kimmig, H and Ohlendorf, S and Speck, O and Sprenger, A and Rutschmann, M R and Haller, S and Greenlee, W M},
	journal={Neuropsychologia},
	pages={2203--2213},
	year={2008}
}

@article{tanabe2002brain,
	title={Brain activation during smooth-pursuit eye movements},
	author={Tanabe, Jody and Tregellas, Jason and Miller, David and Ross, G Randal and Freedman, Robert},
	journal={NeuroImage},
	pages={1315--1324},
	year={2002}
}

@article{barth2000the,
	title={The Minors of the Structure Tensor},
	author={Barth, Erhardt},
	journal={DAGM-Symposium},
	pages={221--228},
	year={2000}
}

@article{startsev2019characterizing,
	title={Characterizing and automatically detecting smooth pursuit in a large-scale ground-truth data set of dynamic natural scenes},
	author={Startsev, Mikhail and Agtzidis, Ioannis and Dorr, Michael},
	journal={Journal of vision},
	pages={10--10},
	year={2019}
}

@article{rolls2015implementation,
	title={Implementation of a new parcellation of the orbitofrontal cortex in the automated anatomical labeling atlas},
	author={Rolls, T. Edmund and Joliot, Marc and Tzourio-Mazoyer, Nathalie},
	journal={NeuroImage},
	pages={1--5},
	year={2015}
}

@article{tzourio-mazoyer2002automated,
	title={Automated anatomical labeling of activations in SPM using a macroscopic anatomical parcellation of the MNI MRI single-subject brain},
	author={Tzourio-Mazoyer, N and Landeau, B and Papathanassiou, D and Crivello, F and Etard, O and Delcroix, N and Mazoyer, B and Joliot, M},
	journal={NeuroImage},
	pages={273--289},
	year={2002}
}

@article{kimmig2008fmri,
	title={fMRI evidence for sensorimotor transformations in human cortex during smooth pursuit eye movements},
	author={Kimmig, H and Ohlendorf, S and Speck, O and Sprenger, A and Rutschmann, M R and Haller, S and Greenlee, W M},
	journal={Neuropsychologia},
	pages={2203--2213},
	year={2008}
}

@article{gagnon2006transcranial,
	title={Transcranial magnetic stimulation of frontal oculomotor regions during smooth pursuit},
	author={Gagnon, Danny and Paus, Tomás and Grosbras, Marie-Helène and Pike, Bruce G and O'Driscoll, A Gillian},
	journal={The Journal of neuroscience : the official journal of the Society for Neuroscience},
	pages={458--466},
	year={2006}
}

@article{berman1999cortical,
	title={Cortical networks subserving pursuit and saccadic eye movements in humans: an FMRI study},
	author={Berman, A. R. and Colby, L. C. and Genovese, R. C. and Voyvodic, T. J. and Luna, B. and Thulborn, R. K. and Sweeney, A. J.},
	journal={Human brain mapping},
	pages={209--225},
	year={1999}
}

@article{sp_representation,
	title={Smooth-pursuit eye movement representation in the primate frontal eye field},
	author={MacAvoy, G. Martha and Gottlieb, P. Jacqueline and Bruce, J. Charles},
	journal={CEREBRAL CORTEX},
	pages={95--102},
	year={1991}
}

@article{itti1998a,
	title={A model of saliency-based visual attention for rapid scene analysis},
	author={Itti, Laurent and Koch, Christof and Niebur, Ernst},
	journal={Pattern Analysis and Machine Intelligence, IEEE Transactions},
	pages={1254--1259},
	year={1998}
}


@article{vanderwal2017individual,
	title={Individual differences in functional connectivity during naturalistic viewing conditions},
	author={Vanderwal, Tamara and Eilbott, Jeffrey and Finn, S. Emily and Craddock, Cameron R. and Turnbull, Adam and Castellanos, Xavier F.},
	journal={NeuroImage},
	pages={521--530},
	year={2017}
}

@article{mueller2013individual,
	title={Individual variability in functional connectivity architecture of the human brain},
	author={Mueller, Sophia and Wang, Danhong and Fox, D Michael and Yeo, T Thomas B and Sepulcre, Jorge and Sabuncu, R Mert and Shafee, Rebecca and Lu, Jie and Liu, Hesheng},
	journal={Neuron},
	pages={586--595},
	year={2013}
}

@book{mri_analysis,
	title={Handbook of functional MRI data analysis},
	author={Poldrack, Russell A and Mumford, Jeanette A and Nichols, Thomas E},
	year={2011},
	publisher={Cambridge University Press}
}

@article{gazenet,
	title={gazeNet: End-to-end eye-movement event detection with deep neural networks},
	author={Zemblys, Raimondas and Niehorster, C Diederick and Holmqvist, Kenneth},
	journal={Behavior research methods},
	pages={840.0--864.0},
	year={2018}
}

@article{remodnav,
	title={REMoDNaV: Robust Eye Movement Detection for Natural Viewing},
	author={Dar, H. Asim and Wagner, S. Adina and Hanke, Michael},
	journal={bioRxiv},
	pages={619254--19},
	year={2019}
}

@article{fix_sp_det,
	title={Detection of fixations and smooth pursuit movements in high-speed eye-tracking data},
	author={Larsson, Linnea and Nystrom, Marcus and Andersson, Richard and Stridh, Martin},
	journal={Biomedical Signal Processing and Control},
	pages={145--152},
	year={2015}
}

@article{mosp_imp,
	title={Characterizing and automatically detecting smooth pursuit in a large-scale ground-truth data set of dynamic natural scenes},
	author={Startsev, Mikhail and Agtzidis, Ioannis and Dorr, Michael},
	journal={Journal of vision},
	pages={10--10},
	year={2019}
}

@article{mosp,
	title={Smooth pursuit detection based on multiple observers},
	author={Agtzidis, Ioannis and Startsev, Mikhail and Dorr, Michael},
	journal={ETRA},
	pages={303--306},
	year={2016}
}

@article{epicflow,
	title={EpicFlow: Edge-Preserving Interpolation of Correspondences for Optical Flow},
	author={Revaud, Jérome and Weinzaepfel, Philippe and Harchaoui, Zaïd and Schmid, Cordelia},
	journal={IEEE Conference on Computer Vision and Pattern Recognition},
	year={2015}
}

@article{pyramid_synthesis,
	title={IMAGE DATA COMPRESSION WITH THE LAPLACIAN PYRAMID},
	author={Adelson, H. Edward and Burt, J. Peter},
	year={1981}
}

@article{structure_tensor,
	title={The Minors of the Structure Tensor},
	author={Barth, Erhardt},
	journal={DAGM-Symposium},
	pages={221--228},
	year={2000}
}

@article{auto_classification,
	title={1D CNN with BLSTM for automated classification of fixations, saccades, and smooth pursuits},
	author={Startsev, Mikhail and Agtzidis, Ioannis and Dorr, Michael},
	journal={Behavior research methods},
	pages={556.0--572.0},
	year={2018}
}

@article{dynamic_eye,
	title={Dynamic eye movement datasets and learnt saliency models for visual action recognition},
	author={Mathe, Stefan and Sminchisescu, Cristian},
	journal={ECCV (2)},
	pages={842--856},
	year={2012}
}



@article{var_natural,
	title={Variability of eye movements when viewing dynamic natural scenes},
	author={Dorr, Michael and Martinetz, Thomas and Gegenfurtner, R Karl and Barth, Erhardt},
	journal={Journal of vision},
	pages={28--28},
	year={2010}
}

@article{gaze_forrest,
	title={A studyforrest extension, simultaneous fMRI and eye gaze recordings during prolonged natural stimulation},
	author={Hanke, Michael and Adelhöfer, Nico and Kottke, Daniel and Iacovella, Vittorio and Sengupta, Ayan and Kaule, R. Falko and Nigbur, Roland and Waite, Q. Alexander and Baumgartner, Florian and Stadler, Jörg},
	journal={Scientific Data},
	year={2016}
}

@article{gold_standard,
	title={Is human classification by experienced untrained observers a gold standard in fixation detection?},
	author={Hooge, T C Ignace and Niehorster, C Diederick and Nyström, Marcus and Andersson, Richard and Hessels, S Roy},
	journal={Behavior research methods},
	pages={1864.0--1881.0},
	year={2017}
}

@article{neural_sp,
	title={The neural basis of smooth pursuit eye movements in the rhesus monkey brain},
	author={Ilg, J. Uwe and Thier, Peter},
	journal={Brain and Cognition},
	pages={229--240},
	year={2008}
}

@article{gaze_forrest,
	title={A studyforrest extension, simultaneous fMRI and eye gaze recordings during prolonged natural stimulation},
	author={Hanke, Michael and Adelhöfer, Nico and Kottke, Daniel and Iacovella, Vittorio and Sengupta, Ayan and Kaule, R. Falko and Nigbur, Roland and Waite, Q. Alexander and Baumgartner, Florian and Stadler, Jörg},
	journal={Scientific Data},
	year={2016}
}

@article{curriculum,
	title={Curriculum learning},
	author={Bengio, Yoshua and Louradour, Jérôme and Collobert, Ronan and Weston, Jason},
	journal={ICML},
	pages={6--48},
	year={2009}
}

@article{zoneout,
	title={Zoneout: Regularizing RNNs by Randomly Preserving Hidden Activations},
	author={Krueger, David and Maharaj, Tegan and Kramár, János and Pezeshki, Mohammad and Ballas, Nicolas and Ke, Rosemary Nan and Goyal, Anirudh and Bengio, Yoshua and Larochelle, Hugo and Courville, C. Aaron and Pal, Chris},
	journal={international conference on learning representations},
	year={2017}
}

@article{imagenet,
	title={ImageNet Classification with Deep Convolutional Neural Networks},
	author={Krizhevsky, Alex and Sutskever, Ilya and Hinton, E. Geoffrey},
	journal={Commun. ACM},
	pages={84--90},
	year={2017}
}

@article{kitti,
	title={Vision meets robotics: The KITTI dataset},
	author={Geiger, A and Lenz, P and Stiller, C and Urtasun, R},
	journal={I. J. Robotic Res.},
	pages={1231--1237},
	year={2013}
}

@article{rmsprop,
	title={An overview of gradient descent optimization algorithms},
	author={Ruder, Sebastian},
	journal={arXiv: Learning},
	year={2016}
}

@article{svm_recog,
	title={Recognizing human actions: a local SVM approach},
	author={Schuldt, Christian and Laptev, Ivan and Caputo, Barbara},
	journal={Pattern Recognition, 2004. ICPR 2004. Proceedings of the 17th International Conference},
	pages={32--36Vol.3},
	year={2004}
}

@article{ratm,
	title={RATM: Recurrent Attentive Tracking Model},
	author={kahou, ebrahimi samira and michalski, vincent and memisevic, roland},
	journal={computer vision and pattern recognition},
	year={2017}
}

@article{performance_optimized,
	title={Performance-optimized hierarchical models predict neural responses in higher visual cortex},
	author={Yamins, L. K. Daniel and Hong, Ha and Cadieu, F. Charles and Solomon, A. Ethan and Seibert, Darren and DiCarlo, J. James},
	journal={Proceedings of the National Academy of Sciences of the United States of America},
	pages={8619--8624},
	year={2014}
}

@article{multitask,
	title={Multi-Task Learning Using Uncertainty to Weigh Losses for Scene Geometry and Semantics},
	author={Kendall, Alex and Gal, Yarin and Cipolla, Roberto},
	journal={CVPR},
	year={2018}
}

@article{unitbox,
	title={UnitBox: An Advanced Object Detection Network},
	author={Yu, Jiahui and Jiang, Yuning and Wang, Zhangyang and Cao, Zhimin and Huang, S. Thomas},
	journal={ACM Multimedia},
	year={2016}
}

@article{vot2016,
	title={The Visual Object Tracking VOT2016 Challenge Results},
	author={Matej, Kristan and Ales, Leonardis and Jiri, Matas and Michael, Felsberg and Roman, Pflugfelder and Luka, Cehovin and Tomas, Vojir and Gustav, Hager and Alan, Lukezic and Gustavo, Fernandez and Abhinav, Gupta and Alfredo, Petrosino and Alireza, Memarmoghadam and Alvaro, Garcia-Martin and Solis, Andres Montero and Andrea, Vedaldi and Andreas, Robinson and A.J., Ma and Anton, Varfolomieiev and Aydin, Alatan and Aykut, Erdem and Bernard, Ghanem and Bin, Liu and Bohyung, Han and Brais, Martinez and Chang-Ming, Chang and Changsheng, Xu and Chong, Sun and Daijin, Kim and Dapeng, Chen and Dawei, Du and Deepak, Mishra and Dit-Yan, Yeung and Erhan, Gundogdu and Erkut, Erdem and Fahad, Khan and Fatih, Porikli and Fei, Zhao and Filiz, Bunyak and Francesco, Battistone and Gao, Zhu and Giorgio, Roffo and G.R.K., Subrahmanyam Sai and Guilherme, Bastos and Guna, Seetharaman and Henry, Medeiros and Hongdong, Li and Honggang, Qi and Horst, Bischof and Horst, Possegger and Huchuan, Lu and Hyemin, Lee and Hyeonseob, Nam and Jin, Hyung Chang and Isabela, Drummond and Jack, Valmadre and Jae-chan, Jeong and Jae-il, Cho and Jae-Yeong, Lee and Jianke, Zhu and Jiayi, Feng and Jin, Gao and Young, Jin Choi and Jingjing, Xiao and Ji-Wan, Kim and Jiyeoup, Jeong and J.F., Henriques and Jochen, Lang and Jongwon, Choi and J.M., Martinez and Junliang, Xing and Junyu, Gao and Kannappan, Palaniappan and Karel, Lebeda and Ke, Gao and Krystian, Mikolajczyk and Lei, Qin and Lijun, Wang and Longyin, Wen and Luca, Bertinetto and Kumar, Madan Rapuru and Mahdieh, Poostchi and Mario, Maresca and Martin, Danelljan and Matthias, Mueller and Mengdan, Zhang and Michael, Arens and Michel, Valstar and Ming, Tang and Mooyeol, Baek and Haris, Muhammad Khan and Naiyan, Wang and Nana, Fan and Noor, Al-Shakarji and Ondrej, Miksik and Osman, Akin and Payman, Moallem and Pedro, Senna and P.H.S., Torr and P.C., Yuen and Qingming, Huang and Rafael, Martin-Nieto and Rengarajan, Pelapur and Richard, Bowden and Robert, Laganiere and Rustam, Stolkin and Ryan, Walsh and S.B., Krah and Shengkun, Li and Shengping, Zhang and Shizeng, Yao and Simon, Hadfield and Simone, Melzi and Siwei, Lyu and Siyi, Li and Stefan, Becker and Stuart, Golodetz and Sumithra, Kakanuru and Sunglok, Choi and Tao, Hu and Thomas, Mauthner and Tianzhu, Zhang and Tony, Pridmore and Vincenzo, Santopietro and Weiming, Hu and Wenbo, Li and Wolfgang, Huebner and Xiangyuan, Lan and Xiaomeng, Wang and Xin, Li and Yang, Li and Yiannis, Demiris and Yifan, Wang and Yuankai, Qi and Zejian, Yuan and Zexiong, Cai and Zhan, Xu and Zhenyu, He and Zhizhen, Chi},
	journal={ICCV Workshops},
	pages={1949--1972},
	year={2017}
}

@article{deformable,
	title={Deformable Convolutional Networks},
	author={Dai, Jifeng and Qi, Haozhi and Xiong, Yuwen and Li, Yi and Zhang, Guodong and Hu, Han and Wei, Yichen},
	journal={ICCV},
	year={2017}
}

@inproceedings{dla,
	author = {Yu, Fisher and Wang, Dequan and Shelhamer, Evan and Darrell, Trevor},
	title = {Deep layer aggregation},
	booktitle = {Proceedings of the IEEE conference on computer vision and pattern recognition},
	pages = {2403-2412},
	year = {2018},
	type = {Conference Proceedings}
}

@article{fairmot,
	title={A Simple Baseline for Multi-Object Tracking},
	author={Zhan, Yifu and Wang, Chunyu and Wang, Xinggang and Zeng, Wenjun and Liu, Wenyu},
	journal={arXiv preprint arXiv:2004.01888},
	year={2020}
}

@inproceedings{fpn,
	author = {Lin, Tsung-Yi and Dollár, Piotr and Girshick, Ross and He, Kaiming and Hariharan, Bharath and Belongie, Serge},
	title = {Feature pyramid networks for object detection},
	booktitle = {Proceedings of the IEEE conference on computer vision and pattern recognition},
	pages = {2117-2125},
	year = {2017},
	type = {Conference Proceedings}
}

@article{point,
	author = {Zhou, Xingyi and Wang, Dequan and Krähenbühl, Philipp},
	title = {Objects as points},
	journal = {arXiv preprint arXiv:1904.07850},
	year = {2019},
	type = {Journal Article}
}

@inproceedings{resnet,
	author = {He, Kaiming and Zhang, Xiangyu and Ren, Shaoqing and Sun, Jian},
	title = {Deep residual learning for image recognition},
	booktitle = {Proceedings of the IEEE conference on computer vision and pattern recognition (CVPR, 2016)},
	pages = {770-778},
	year = {2016},
	type = {Conference Proceedings}
}







@misc{usaai,
    author = "United States National Research Council",
    title = "Preparing for the future of artificial intelligence",
    howpublished = {\url{https://obamawhitehouse.archives.gov/blog/2016/05/03/preparing-future-artificial-intelligence}},
    year = {2016}
};

@misc{chinaai,
    author = "中国人民共和国国务院",
    title = "新一代人工智能发展规划",
    howpublished = {\url{http://www.gov.cn/zhengce/content/2017-07/20/content_5211996.htm}},
    year = {2017},
};

@inproceedings{smartcity,
  title={Smart city and the applications},
  author={Su, Kehua and Jie, Li and Fu, Hongbo},
  booktitle={International Conference on Electronics},
  pages={1028-1031},
  year={2011},
  organization={Ningbo}，
}

@article{smartcity2,
  title={智慧城市多模式数据融合模型},
  author={张义，陈虞君，杜博文等},
  journal={北京航空航天大学学报},
  volume={42},
  number={12},
  pages={2683-2690},
  year={2016},
}

@inproceedings{its,
  title={A review of Intelligent Transportation Systems from a communications technology perspective},
  author={Athanasios, Maimaris and George, Papageorgiou},
  booktitle={International Conference on Intelligent Transportation Systems},
  pages={54-59},
  year={2016},
  organization={Rio de Janeiro}，
}

@article{its2,
  title={智能交通信息物理融合云控制系统},
  author={夏元清， 闫策， 王笑京等},
  journal={自动化学报},
  volume={45},
  number={1},
  pages={132-142},
  year={2019},
}

@article{selfdri,
  title={Self-driving cars and the law},
  author={Greenblatt and Nathan A.},
  journal={IEEE Spectrum},
  volume={53},
  number={2},
  pages={46-51},
  year={2016},
}

@article{selfdri2,
  title={基于无模型自适应控制的无人驾驶汽车横向控制方法},
  author={田涛涛，侯忠生，刘世达等},
  journal={自动化学报},
  volume={43},
  number={11},
  pages={1931-1940},
  year={2017},
}


@article{amvot,
  title={A survey of appearance models in visual object tracking},
  author={Li, Xi and Hu, Weiming and Shen, Chunhua and Zhongfei, Zhang and Anthony, Dick and Anton Van Den, Hengel},
  journal={ACM Transactions on Intelligent Systems and Technology},
  volume={4},
  number={4},
  pages={1-48},
  year={2013},
}

@article{vtaes,
  title={Visual Tracking: An Experimental Survey},
  author={Arnold, Smeulders and Dung Chu and Rita Cucchiara and Simone Calderara and Afshin Dehghan and Mubarak Shah},
  journal={IEEE Transactions on Pattern Analysis and Machine Intelligence},
  volume={36},
  number={7},
  pages={1442-1468},
  year={2014},
}

@article{scvt,
  title={Sparse coding based visual tracking: Review and experimental comparison},
  author={Zhang, Shengping and Yao, Hongxun and Sun, Xin and Lu, Xiusheng},
  journal={Pattern Recognition},
  volume={46},
  number={7},
  pages={1772-1788},
  year={2013},
}

@article{dvt,
  title={Deep visual tracking: Review and experimental comparison},
  author={Li, Peixia and Wang, Dong and Wang, Lijun and Huchuan, Lu},
  journal={Pattern Recognition},
  volume={76},
  number={11},
  pages={323-338},
  year={2018},
}

@article{dvt2,
  title={视觉目标跟踪方法研究综述},
  author={葛宝义，左宪章，胡永江},
  journal={中国图象图形学报},
  volume={23},
  number={8},
  pages={1091-1107},
  year={2018},
}

@article{vtpf,
  title={Visual tracking and recognition using appearance-adaptive models in particle filters},
  author={Zhou, Shaohua and Rama, Chellappa and Baback, Moghaddam},
  journal={IEEE Trans Image Processing},
  volume={13},
  number={11},
  pages={1491-1506},
  year={2004},
}

@article{cgpf,
  title={CamShift guided particle filter for visual tracking},
  author={Wang, Zhaowen and Yang, Xiaokang and Xu, Yi and Songyu, Yu},
  journal={Pattern Recognition Letters},
  volume={30},
  number={4},
  pages={407-413},
  year={2009},
}

@article{cgpf2,
  title={时空上下文抗遮挡视觉跟踪},
  author={刘万军，董帅含，曲海成},
  journal={中国图象图形学报},
  volume={21},
  number={8},
  pages={1057-1067},
  year={2016},
}


@article{otms,
  title={Object tracking using SIFT features and mean shift},
  author={Zhou, Huiyu and Yuan, Yuan and Shi, Chunmei},
  journal={Computer Vision and Image Understanding},
  volume={113},
  number={3},
  pages={345-352},
  year={2009},
}

@inproceedings{nrms,
  title={Real-time tracking of non-rigid objects using mean shift},
  author={Dorin, Comaniciu and Visvanathan, Ramesh and Meer, Peter},
  booktitle={IEEE Conference on Computer Vision and Pattern Recognition},
  pages={1063-1070},
  year={2000},
  organization={Hilton Head Island}，
}

@article{nrms2,
  title={基于局部背景感知的目标跟踪},
  author={储珺，杜立辉，汪凌峰等},
  journal={自动化学报},
  volume={12},
  number={5},
  pages={1985-1995},
  year={2012},
}


@inproceedings{vtlls,
  title={Visual Tracking Using Learned Linear Subspaces},
  author={Ho, Jeffrey and Lee, Kuang-Chih and Yang, Ming-Hsuan and David, Kriegman},
  booktitle={IEEE Computer on Computer Vision and Pattern Recognition},
  pages={114-121},
  year={2004},
organization={Washington}，
}

@inproceedings{itsl,
  title={Robust Visual Tracking Based on Incremental Tensor Subspace Learning},
  author={Li, Xi and Hu, Weiming and Zhang, Zhongfei and Xiaoqin, Zhang and Guan, Luo},
  booktitle={IEEE International Conference on Computer Vision},
  pages={978-985},
  year={2007},
organization={Rio de Janeiro}，
}

@article{ivt,
  title={Incremental Learning for Robust Visual Tracking},
  author={ David A, Ross and Lim, Jongwoo and Lin, Ruei-Sung and Ming-Hsuan Yang},
  journal={International Journal of Computer Vision},
  volume={77},
  number={8},
  pages={125-141},
  year={2008},
}

@inproceedings{wtsvt,
  title={Incremental learning of weighted tensor subspace for visual tracking},
  author={Wen, Jing and Li, Xuelong and Gao, Xinbo and Dacheng, Tao},
  booktitle={IEEE International Conference on Systems},
  pages={3688-3693},
  year={2009},
 organization={San Antonio}，
}

@inproceedings{vtd,
  title={Visual Tracking Decomposition},
  author={Kwon, Junseok and Lee, Kyoung Mu},
  booktitle={Computer Vision and Pattern Recognition},
  pages={1269-1276},
  year={2010},
 organization={San Francisco}，
}

@inproceedings{lsct,
  title={Local Subspace Collaborative Tracking},
  author={Ma, Lin and Zhang, Xiaoqin and Hu, Weiming and Junliang, Xing and Jiwen, Lu and Jie, Zhou},
  booktitle={IEEE International Conference on Computer Vision},
  pages={4301-4309},
  year={2015},
 organization={Santiago}，
}

@article{sisl,
  title={Robust Visual Tracking via Sparsity-Induced Subspace Learning},
  author={Yao, Sui and Zhang, Shunli and Zhang, Li},
  journal={IEEE Transactions on Image Processing},
  volume={24},
  number={12},
  pages={4686-700},
  year={2015},
}

@inproceedings{tmis,
  title={Probabilistic Visual Tracking via Robust Template Matching and Incremental Subspace Update},
  author={Mei, Xue and Zhou, Shaohua and Porikli, Fatih},
  booktitle={IEEE International Conference on Multimedia and Expo},
  pages={1818-1821},
  year={2007},
 organization={Beijing}，
}

@inproceedings{lersl,
  title={Visual tracking via incremental Log-Euclidean Riemannian subspace learning},
  author={Li, Xi and Hu, Weiming and Zhang, Zhongfei and Xiaoqin, Zhang  and Mingliang, Zhu and Jian, Cheng},
  booktitle={IEEE Conference on Computer Vision and Pattern Recognition},
 pages={1-8},
  year={2008},
 organization={Anchorage}，
}


@article{sisl2,
  title={基于形变多样相似性的空间正则化相关滤波跟踪},
  author={毛宁，杨德东，李勇等},
  journal={光学学报},
  volume={39},
  number={4},
  pages={263-273},
  year={2019},
}

@article{l1,
  title={Robust Visual Tracking and Vehicle Classification via Sparse Representation},
  author={Mei, Xue and Ling, Haibin},
  journal={IEEE Transactions on Pattern Analysis and Machine Intelligence},
  volume={33},
  number={11},
  pages={2259-2272},
  year={2011},
}

@inproceedings{mtt,
  title={Robust visual tracking via multi-task sparse learning},
  author={Zhang, Tianzhu and Bernard, Ghanem and Liu, Si and Ahuja, Narendra},
  booktitle={Computer Vision and Pattern Recognition},
  pages={2042-2049},
  year={2012},
 organization={Providence}，
}

@article{otsp,
  title={Online Object Tracking With Sparse Prototypes},
  author={Wang, Dong and Lu, Huchuan and Yang, Ming-Hsuan},
  journal={IEEE Transactions on Image Processing},
  volume={22},
  number={1},
  pages={314-325},
  year={2013},
}

@inproceedings{lrt,
  title={Low-Rank Sparse Learning for Robust Visual Tracking},
    author={Zhang, Tianzhu and Bernard, Ghanem and Liu, Si and Ahuja, Narendra},
  booktitle={European Conference on Computer Vision},
  pages={470-484},
  year={2012},
organization={Florence}，
}

@inproceedings{mtmv,
  title={Tracking via Robust Multi-task Multi-view Joint Sparse Representation},
  author={Hong, Zhibin and Mei, Xue and Prokhorov, Dani and Dacheng, Tao},
  booktitle={IEEE International Conference on Computer Vision},
  pages={649-656},
  year={2013},
 organization={Sydney}，
}

@inproceedings{cst,
  title={In Defense of Sparse Tracking: Circulant Sparse Tracker},
  author={Zhang, Tianzhu and Adel, Bibi and Bernard, Ghanem},
  booktitle={IEEE Conference on Computer Vision and Pattern Recognition},
  pages={3880-3888},
  year={2016},
 organization={Las Vegas}，
}

@inproceedings{lsk,
  title={Robust tracking using local sparse appearance model and K-selection},
  author={Liu, Baiyang and Huang, Junzhou and Lin, Yang and Kulikowski, Casimir A.},
  booktitle={IEEE Conference on Computer Vision and Pattern Recognition},
  pages={1313-1320},
  year={2011},
  organization={Colorado}，
}

@article{asla,
  title={Visual Tracking via Coarse and Fine Structural Local Sparse Appearance Models},
  author={Jia, Xu and Lu, Huchuan and Yang, Ming-Hsuan},
  journal={IEEE Transactions on Image Processing},
  volume={25},
  number={10},
  pages={4555-4564},
  year={2016},
}

@article{sst,
  title={Robust Structural Sparse Tracking},
  author={Zhang, Tianzhu and Xu, Changsheng and Yang, Ming-Hsuan},
  journal={IEEE Transactions on Pattern Analysis and Machine Intelligence},
  volume={41},
  number={2},
  pages={473-486},
  year={2019},
}

@article{lscvt,
  title={Structure-aware Local Sparse Coding for Visual Tracking},
  author={Qi, Yuankai and Qin, Lei and Zhang, Jian and Shengping, Zhang and Qingming, Huang and Ming-Hsuan, Yang},
  journal={IEEE Transactions on Image Processing},
  volume={27},
  number={8},
  pages={3857-3869},
  year={2018},
}

@article{scm,
  title={Robust Object Tracking via Sparse Collaborative Appearance Model},
  author={Zhong, Wei and Lu, Huchuan and Yang, Ming-Hsuan},
  journal={IEEE Transactions on Image Processing},
  volume={23},
  number={5},
  pages={2356-68},
  year={2014},
}

@article{lsam,
  title={Robust Object Tracking via Local Sparse Appearance Model},
  author={Nai, Ke and Li Zhiyong and Li Guiji and Wang Shanquan},
  journal={IEEE Transactions on Image Processing},
  volume={27},
  number={10},
  pages={4958-4970},
  year={2018},
}

@article{lsam2,
  title={一种融合多级稀疏表达和度量学习的目标跟踪方法},
  author={彭梦，蔡自兴，陈白帆},
  journal={控制与决策},
  volume={10},
  number={6},
  pages={1791-1796},
  year={2015},
}

@article{lsam3,
  title={基于稀疏编码直方图的稳健红外目标跟踪},
  author={杨福才，杨德东，毛宁},
  journal={光学学报},
  volume={37},
  number={11},
  pages={204-214},
  year={2017},
}


@inproceedings{mil,
  title={Visual tracking with online Multiple Instance Learning},
  author={Babenko, Boris and Yang, Ming-Hsuan and Belongie, Serge},
 booktitle={IEEE Conference on Computer Vision and Pattern Recognition},
  pages={983-990},
  year={2009},
  organization={Miami}，
}

@article{wmil,
  title={Real-time visual tracking via online weighted multiple instance learning},
  author={Zhang, Kaihua and Song, Huihui},
  journal={Pattern Recognition},
  volume={46},
  number={1},
  pages={397-411},
  year={2013},
}

@article{wmil2,
  title={在线特征选取的多示例学习目标跟踪},
  author={周志宇，彭小龙，吴迪冲等},
  journal={中国图象图形学报},
  volume={10},
  number={9},
  pages={1346-1357},
  year={2015},
}

@inproceedings{ssboosting,
  title={Semi-Supervised Boosting On-line Boosting for Robust Tracking},
  author={Grabner, Helmut and Leistner, Christian and Bischof, Horst},
 booktitle={European Conference on Computer Vision},
  pages={234-247},
  year={2008},
  organization={Marseille}，
}

@inproceedings{gbdt,
  title={Tracking-by-Segmentation with Online Gradient Boosting Decision Tree},
  author={Son, Jeany and Jung, Ilchae and Park, Kayoung and Han, Bohyung},
  booktitle={IEEE International Conference on Computer Vision},
  pages={3056-3064},
  year={2015},
  organization={Santiago}，
}

@article{gdbt2,
  title={复杂环境下高效物体跟踪级联分类器},
  author={江伟坚，郭躬德},
  journal={中国图象图形学报},
  volume={2},
  number={3},
  pages={253-265},
  year={2014},
}


@article{svmt,
  title={Support vector tracking},
  author={Shai, Avidan},
  journal={IEEE Transactions on Pattern Analysis and Machine Intelligence},
  volume={26},
  number={8},
  pages={1064-1072},
  year={2004},
}

@inproceedings{ccksvm,
  title={Graph mode-based contextual kernels for robust SVM tracking},
  author={Li, Xi and Dick, Anthony R. and Wang, Hanzi and Shen, Chunhua and Hengel, Anton Van Den},
  booktitle={IEEE International Conference on Computer Vision},
  pages={1156-1163},
  year={2011},
 organization={Barcelona}，
}

@inproceedings{ranksvm,
  title={Robust Tracking via Weakly Supervised Ranking SVM},
  author={Bai, Yancheng and Tang, Ming},
  booktitle={IEEE Conference on Computer Vision and Pattern Recognition},
  pages={1854-1861},
  year={2012},
 organization={Providence}，
}

@article{mvsvm,
  title={Object Tracking with Multi-View Support Vector Machines},
  author={Zhang, Shunli and Yu, Xin and Sui, Yao and Zhao, Sicong and Zhang, Li},
  journal={IEEE Transactions on Multimedia},
  volume={17},
  number={3},
  pages={265-278},
  year={2015},
}

@article{scfsvm,
  title={Learning Support Correlation Filters for Visual Tracking},
  author={Zuo, Wangmeng and Wu, Xiaohe and Lin, Liang and Zhang, Lei and Yang, Ming-Hsuan},
  journal={IEEE Transactions on Pattern Analysis and Machine Intelligence},
  volume={41},
  number={5},
  pages={1158-1172},
  year={2019},
}

@article{struck,
  title={Struck: Structured Output Tracking with Kernels},
  author={Hare, Sam and Stuart, Golodetz and Amir, Saffari and Vibhav, Vineet and Ming-Ming, Cheng and Stephen L. Hicks and Philip H. S. Torr},
  journal={IEEE Transactions on Pattern Analysis and Machine Intelligence},
  volume={38},
  number={10},
  pages={2096-3009},
  year={2016},
}

@inproceedings{dlssvm,
  title={Object Tracking via Dual Linear Structured SVM and Explicit Feature Map},
  author={Ning, Jifeng and Yang, Jimei and Jiang, Shaojie and Lei, Zhang and Yang, Ming Hsuan},
  booktitle={IEEE Conference on Computer Vision and Pattern Recognition},
  pages={4266-4274},
  year={2016},
 organization={Las Vegas}，
}

@inproceedings{lmcf,
  title={Large Margin Object Tracking with Circulant Feature Maps},
  author={Wang, Mengmeng and Liu, Yong and Huang, Zeyi},
  booktitle={IEEE Conference on Computer Vision and Pattern Recognition},
  pages={4021-4029},
  year={2017},
 organization={Honolulu}，
}

@article{lmcf2,
  title={加权间隔结构化支持向量机目标跟踪算法},
  author={江少杰，宁纪锋，李云松},
  journal={中国图象图形学报},
  volume={22},
  number={9},
  pages={1261-1269},
  year={2017},
}

@article{lmcf3,
  title={基于支持向量机的多特征选择目标跟踪},
  author={ 胡昭华，徐玉伟，赵孝磊等},
  journal={应用科学学报},
  volume={5},
  number={3},
  pages={502-517},
  year={2015},
}

@inproceedings{cf,
  title={Visual object tracking using adaptive correlation filters},
  author={Bolme, David S. and Beveridge, J. Ross and Draper, Bruce A. and Lui, Yui Man},
  booktitle={IEEE Conference on Computer Vision and Pattern Recognition},
  pages={2544-2550},
  year={2010},
 organization={San Francisco}，
}

@article{kcf,
  title={High-Speed Tracking with Kernelized Correlation Filters},
  author={Henriques, Joao F. and Caseiro, Rui and Martins, Pedro and Batista, Jorge},
  journal={IEEE Transactions on Pattern Analysis and Machine Intelligence},
  volume={37},
  number={3},
  pages={583-596},
  year={2014},
}


@inproceedings{cn,
  title={Adaptive Color Attributes for Real-Time Visual Tracking},
  author={Danelljan, Martin and Khan, Fahad Shahbaz and Felsberg, Michael and Weijer, Joost Van De},
  booktitle={IEEE Conference on Computer Vision and Pattern Recognition},
 pages={1090-1097},
  year={2014},
organization={Ohio}，
}


@inproceedings{mcct,
  author={Wang, Ning and Zhou, Wengang and Tian, Qi and Richang, Hong and Meng. Wang and Houqiang. Li},
  title={Multi-Cue Correlation Filters for Robust Visual Tracking},
  booktitle={IEEE Conference on Computer Vision and Pattern Recognition},
  pages={4844--4853},
  year={2018},
organization={Salt Lake City}，
}

@article{dsst,
  title={Discriminative Scale Space Tracking},
  author={Danelljan, Martin and Häger, Gustav and Khan, Fahad Shahbaz and Felsberg, Michael},
  journal={IEEE Transactions on Pattern Analysis and Machine Intelligence},
  volume={39},
  number={8},
  pages={1561-1575},
  year={2017},
}

@inproceedings{lct,
  title={Long-term correlation tracking},
  author={Ma, Chao and Yang, Xiaokang and Chongyang Zhang and Yang, Ming Hsuan},
  booktitle={IEEE Conference on Computer Vision and Pattern Recognition},
  pages={5388-5396},
  year={2015},
organization={Boston}，
}

@inproceedings{muster,
  title={MUlti-Store Tracker (MUSTer): A cognitive psychology inspired approach to object tracking},
  author={Hong, Zhibin and Zhe Chen and Wang, Chaohui and Xue, Mei and Prokhorov, Danil and Tao, Dacheng},
  booktitle={IEEE Conference on Computer Vision and Pattern Recognition},
  pages={749-758},
  year={2015},
 organization={Boston}，
}

@article{lsot,
  title={Adaptive Correlation Filters with Long-Term and Short-Term Memory for Object Tracking},
  author={Ma, Chao and Huang, Jia Bin and Yang, Xiaokang and Yang, Ming Hsuan},
  journal={International Journal of Computer Vision},
  number={2},
  pages={1-26},
  year={2017},
}

@inproceedings{drt,
  title={Correlation Tracking via Joint Discrimination and Reliability Learning},
  author={Sun, Chong and Wang, Dong and Lu, Huchuan and Yang, Ming Hsuan},
booktitle={IEEE Conference on Computer Vision and Pattern Recognition},
  pages={489-457},
  year={2018},
organization={Salt Laker City}，
}

@inproceedings{asrcf,
  title={Visual Tracking via Adaptive Spatially-Regularized Correlation Filters},
  author={Dai, Kenan and Wang, Dong and Lu, Huchuan and Chong, Sun and Jianhua, Li},
booktitle={IEEE Conference on Computer Vision and Pattern Recognition},
  pages={4670-4679},
  year={2019},
organization={Long Beach}，
}

@article{asrcf2,
  title={基于条件随机场的深度相关滤波目标跟踪算法},
  author={黄树成，张瑜，张天柱等},
  journal={软件学报},
  volume={30},
  number={4},
  pages={927-940},
  year={2019},
}

@inproceedings{srdcf,
  title={Learning Spatially Regularized Correlation Filters for Visual Tracking},
  author={Danelljan, Martin and Häger, Gustav and Khan, Fahad Shahbaz and Felsberg, Michael},
  booktitle={IEEE International Conference on Computer Vision},
  pages={4310-4318},
  year={2015},
 organization={Santiago}，
}

@inproceedings{bacf,
  title={Learning Background-Aware Correlation Filters for Visual Tracking},
  author={Galoogahi, Hamed Kiani and Fagg, Ashton and Lucey, Simon},
  booktitle={IEEE International Conference on Computer Vision},
  pages={1144-1152},
  year={2017},
 organization={Venice}，
}

@inproceedings{rpt,
  title={Reliable Patch Trackers: Robust visual tracking by exploiting reliable patches},
  author={Li, Yang and Zhu, Jianke and Hoi, Steven C. H.},
  booktitle={IEEE Conference on Computer Vision and Pattern Recognition},
  pages={353-361},
  year={2015},
 organization={Boston}，
}

@inproceedings{scf,
  title={Structural Correlation Filter for Robust Visual Tracking},
  author={Liu, Si and Zhang, Tianzhu and Cao, Xiaochun and Changsheng, Xu},
  booktitle={IEEE Conference on Computer Vision and Pattern Recognition},
  pages={5388-5396},
  year={2016},
 organization={Las Vegas}，
}

@inproceedings{cacf,
  title={Context-Aware Correlation Filter Tracking},
  author={Mueller, Matthias and Smith, Neil and Ghanem, Bernard},
  booktitle={IEEE Conference on Computer Vision and Pattern Recognition},
  pages={1396-1404},
  year={2017},
organization={Honolulu}，
}

@inproceedings{strcf,
  title={Learning Spatial-Temporal Regularized Correlation Filters for Visual Tracking},
  author={Li, Feng and Tian, Cheng and Zuo, Wangmeng and Zhang, Lei and Yang, Ming Hsuan},
  booktitle={IEEE Conference on Computer Vision and Pattern Recognition},
  pages={4904-4913},
  year={2018},
organization={Salt Lake City}，
}

@inproceedings{samf,
  title={A Scale Adaptive Kernel Correlation Filter Tracker with Feature Integration},
  author={Li, Yang and Zhu, Jianke},
  booktitle={European Conference on Computer Vision Workshop},
  pages={254-265},
  year={2014},
organization={Berlin}，
}

@inproceedings{staple,
  title={Staple: Complementary Learners for Real-Time Tracking},
  author={Bertinetto, Luca and Valmadre, Jack and Golodetz, Stuart and Miksik, Ondrej and Torr, Philip H. S.},
  booktitle={IEEE Conference on Computer Vision and Pattern Recognition},
  pages={1401-1409},
  year={2016},
organization={Las Vegas}，
}

@article{staple2,
  title={自适应特征融合的核相关滤波跟踪算法},
  author={熊昌镇，赵璐璐，郭芬红},
  journal={计算机辅助设计与图形学学报},
  volume={29},
  number={6},
  pages={1068-1074},
  year={2017},
}

@inproceedings{mcpf,
  title={Multi-task Correlation Particle Filter for Robust Object Tracking},
  author={Zhang, Tianzhu and Xu, Changsheng and Yang, Ming Hsuan},
  booktitle={IEEE Conference on Computer Vision and Pattern Recognition},
  pages={4819-4827},
  year={2017},
organization={Honolulu}，
}

@inproceedings{ccot,
  title={Beyond Correlation Filters: Learning Continuous Convolution Operators for Visual Tracking},
  author={Danelljan, Martin and Robinson, Andreas and Khan, Fahad Shahbaz and Felsberg, Michael},
  booktitle={European Conference on Computer Vision},
  pages={472-488},
  year={2016},
organization={Amsterdam}，
}

@inproceedings{eco,
  title={ECO: Efficient Convolution Operators for Tracking},
  author={Danelljan, Martin and Bhat, Goutam and Khan, Fahad Shahbaz and Felsberg, Michael},
  booktitle={IEEE Conference on Computer Vision and Pattern Recognition},
  pages={6638-6645},
  year={2017},
organization={Honolulu}，
}

@inproceedings{cnnsvm,
  title={Online Tracking by Learning Discriminative Saliency Map with Convolutional Neural Network},
  author={Hong, Seunghoon and You, Tackgeun and Kwak, Suha and Han, Bohyung},
  booktitle={International Conference on International Conference on Machine Learning},
  pages={597-606},
  year={2015},
organization={Lille}，
}

@inproceedings{fcnt,
  title={Visual Tracking with Fully Convolutional Networks},
  author={Wang, Lijun and Ouyang, Wanli and Wang, Xiaogang and Lu, Huchuan},
  booktitle={IEEE International Conference on Computer Vision},
  pages={3119-3127},
  year={2015},
organization={Santiago}，
}

@inproceedings{hcf,
  title={Hierarchical Convolutional Features for Visual Tracking},
  author={Ma, Chao and Huang, Bin and Yang, Xiaokang and Yang, Ming Hsuan},
  booktitle={IEEE International Conference on Computer Vision},
  pages={3074-3082},
  year={2015},
organization={Santiago}，
}

@inproceedings{stct,
  title={STCT: Sequentially Training Convolutional Networks for Visual Tracking},
  author={Wang, Lijun and Ouyang, Wanli and Wang, Xiaogang and Lu, Huchuan},
  booktitle={IEEE Conference on Computer Vision and Pattern Recognition},
  pages={1373-1382},
  year={2016},
organization={Las Vegas}，
}

@article{dnt,
  title={Dual Deep Network for Visual Tracking},
  author={Chi, Zhizhen and Li, Hongyang and Lu, Huchuan and Yang, Ming-Hsuan},
  journal={IEEE Transactions on Image Processing},
  volume={26},
  number={4},
  pages={2005-2015},
  year={2017},
}

@inproceedings{sanet,
  title={SANet: Structure-Aware Network for Visual Tracking},
  author={Fan, Heng and Ling, Haibin},
booktitle={IEEE Conference on Computer Vision and Pattern Recognition},
  pages={41-49},
  year={2017},
organization={Honolulu}，
}

@inproceedings{tsn,
  title={Robust Object Tracking Based on Temporal and Spatial Deep Networks},
  author={Zhu, Teng and Xing, Junliang and Qiang, Wang and Lang, Congyan and Feng, Songhe and Yi, Jin},
  booktitle={IEEE International Conference on Computer Vision},
  pages={1144-1153},
  year={2017},
organization={Venice}，
}

@inproceedings{mdnet,
  author={Nam, Hyeonseob and Han, Bohyung},
  title={Learning multi-domain convolutional neural networks for visual tracking},
  booktitle={IEEE Conference on Computer Vision and Pattern Recognition},
  pages={4293-4302},
  year={2016},
organization={Las Vegas}，
}

@inproceedings{rmdnet,
  title={Real-Time MDNet},
  author={Jung, Ilchae and Son, Jeany and Baek, Mooyeol and Han, Bohyung},
  booktitle={European Conference on Computer Vision},
  pages={83-98},
  year={2018},
organization={Munich}，
}

@inproceedings{tadt,
  title={Target-Aware Deep Tracking},
  author={Li, Xin and Ma, Chao and Wu, Baoyuan and He, Zhenyu and Yang, Ming-Hsuan},
  booktitle={IEEE Conference on Computer Vision and Pattern Recognition},
  pages={1369-1378},
  year={2019},
organization={Long Beach}，
}

@article{tadt2,
  title={结合定向扰动和HOG特征的卷积神经网络目标跟踪},
  author={赵赫东，何小冬，何苗等},
  journal={计算机辅助设计与图形学学报},
  volume={31},
  number={10},
  pages={1802-1808},
  year={2019},
}


@inproceedings{siamfc,
  title={Fully-Convolutional Siamese Networks for Object Tracking},
  author={Bertinetto, Luca and Valmadre, Jack and Henriques, João F. and Vedaldi, Andrea and Torr, Philip H. S.},
  booktitle={European Conference on Computer Vision},
  pages={850-865},
  year={2016},
 organization={Amsterdam}，
}


@inproceedings{dsiamese,
  title={Learning Dynamic Siamese Network for Visual Object Tracking},
  author={Guo, Qing and Wei, Feng and Zhou, Ce and Rui, Huang and Song, Wang},
  booktitle={IEEE International Conference on Computer Vision},
  pages={1763-1771},
  year={2017},
organization={Venice}，
}

@inproceedings{tsiamese,
  title={A Twofold Siamese Network for Real-Time Object Tracking},
  author={He, Anfeng and Luo, Chong and Tian, Xinmei and Wenjun Zeng},
booktitle={IEEE Conference on Computer Vision and Pattern Recognition},
  pages={4834-4843},
  year={2018},
organization={Salt Lake City}，
}

@inproceedings{siamrpn,
  title={High Performance Visual Tracking with Siamese Region Proposal Network},
  author={Li, Bo and Yan, Junjie and Wu, Wei and Zheng Zhu and Xiaolin Hu},
  booktitle={IEEE Conference on Computer Vision and Pattern Recognition},
  pages={8971-8980},
  year={2018},
organization={Salt Lake City}，
}

@inproceedings{rasnet,
  title={Learning Attentions: Residual Attentional Siamese Network for High Performance Online Visual Tracking},
  author={Wang, Qiang and Teng, Zhu and Xing, Junliang and Jin Gao and Weiming Hu and Stephen Maybank},
  booktitle={IEEE Conference on Computer Vision and Pattern Recognition},
  pages={4854-4863},
  year={2018},
organization={Salt Lake City}，
}

@inproceedings{strsiam,
  title={Structured Siamese Network for Real-Time Visual Tracking},
  author={Zhang, Yunhua and Wang, Lijun and Qi, Jinqing and Dong Wang and Mengyang Feng and Huchuan Lu},
  booktitle={European Conference on Computer Vision},
  pages={351-366},
  year={2018},
organization={Munich}，
}

@inproceedings{tlsiam,
  title={Triplet Loss in Siamese Network for Object Tracking},
  author={Dong, Xingping and Shen, Jianbing},
  booktitle={European Conference on Computer Vision},
  pages={459-474},
  year={2018},
organization={Munich}，
}

@inproceedings{dasiam,
  title={Distractor-aware Siamese Networks for Visual Object Tracking},
  author={Zhu, Zheng and Wang, Qiang and Li, Bo and Wei Wu and Junjie Yan and Weiming Hu},
  booktitle={European Conference on Computer Vision},
  pages={101-117},
  year={2018},
organization={Munich}，
}

@inproceedings{crpn,
  title={Siamese Cascaded Region Proposal Networks for Real-Time Visual Tracking},
  author={Fan, Heng and Ling, Haibin},
  booktitle={IEEE Conference on Computer Vision and Pattern Recognition},
  pages={7952-7961},
  year={2019},
organization={Long Beac}，
}

@inproceedings{siamrpnn,
  title={SiamRPN++: Evolution of Siamese Visual Tracking with Very Deep Networks},
  author={Li, Bo and Wu, Wei and Wang, Qiang and Zhang, Fangyi and Xing, Junliang and Yan, Junjie},
  booktitle={IEEE Conference on Computer Vision and Pattern Recognition},
  pages={4282-4291},
  year={2018},
organization={Salt Lake City}，
}

@article{siamrpnn2,
  title={基于孪生神经网络在线判别特征的视觉跟踪算法},
  author={仇祝令，查宇飞，朱鹏等},
  journal={光学学报},
  volume={9},
  number={5},
  pages={253-261},
  year={2019},
}

@inproceedings{vital,
  title={VITAL: VIsual Tracking via Adversarial Learning},
  author={Song, Yibing and Chao, Ma and Wu, Xiaohe and Gong, Lijun and Yang, Ming Hsuan},
  booktitle={IEEE Conference on Computer Vision and Pattern Recognition},
  pages={8990-8999},
  year={2018},
organization={Salt Lake City}，
}

@inproceedings{sintt,
  title={SINT++: Robust Visual Tracking via Adversarial Positive Instance Generation},
  author={Wang, Xiao and Li, Chenglong and Luo, Bin and Jin Tang},
  booktitle={IEEE Conference on Computer Vision and Pattern Recognition},
  pages={4864-4873},
  year={2018},
organization={Salt Lake City}，
}

@inproceedings{crest,
  title={CREST: Convolutional Residual Learning for Visual Tracking},
  author={Song, Yibing and Ma, Chao and Gong, Lijun and Ming-Hsuan Yang},
  booktitle={IEEE Conference on Computer Vision and Pattern Recognition},
  pages={2555-2564},
  year={2018},
organization={Salt Lake City}，
}

@inproceedings{addrl,
  title={Action-Decision Networks for Visual Tracking with Deep Reinforcement Learning},
  author={Yun, Sangdoo and Choi, Jongwon and Yoo, Youngjoon and Yun, Kimin and Jin, Young Choi},
  booktitle={IEEE Conference on Computer Vision and Pattern Recognition},
  pages={2711-2720},
  year={2017},
organization={Honolulu}，
}

@inproceedings{drlis,
  title={Deep Reinforcement Learning with Iterative Shift for Visual Tracking},
  author={Ren, Liangliang and Yuan, Xin and Lu, Jiwen and Ming Yang and Jie Zhou},
  booktitle={European Conference on Computer Vision},
  pages={684-700},
  year={2018},
organization={Munich}，
}

@article{drlis2,
  title={基于深度强化学习的移动机器人轨迹跟踪和动态避障},
  author={吴运雄，曾碧},
  journal={广东工业大学学报},
  volume={36},
  number={1},
  pages={42-50},
  year={2019},
}


@inproceedings{otb2013,
  title={Online Object Tracking: A Benchmark},
  author={Wu, Yi and Lim, Jongwoo and Yang, Ming Hsuan},
  booktitle={IEEE Conference on Computer Vision and Pattern Recognition},
  pages={2411-2418},
  year={2013},
organization={Utah}，
}

@article{otb2015,
  title={Object Tracking Benchmark},
  author={Wu, Yi and Lim, Jongwoo and Yang, Ming-Hsuan},
  journal={IEEE Transactions on Pattern Analysis and Machine Intelligence},
  volume={37},
  number={9},
  pages={1834-1848},
  year={2015},
}

@inproceedings{vot2015,
  title={The Visual Object Tracking VOT2015 Challenge Results},
  author={Kristan, Matej and Leonardis, Ales and Matas, Jiri and Felsberg, Michael and He, Zhiqun},
  booktitle={IEEE International Conference on Computer Vision Workshop},
  pages={1-23},
  year={2015},
organization={Santiago}，
}

@inproceedings{vot2016,
  title={The Visual Object Tracking VOT2016 Challenge Results},
  author={Kristan, Matej and Leonardis, Ales and Matas, Jiri and Felsberg, Michael and Pflugfelder, Roman and Cehovin, Luka and Vojir, Tomas and Hager, Gustav and Lukezic, Alan and Fernandez, Gustavo},
  booktitle={European Conference on Computer Vision Workshop},
  pages={191-217},
  year={2016},
organization={Amsterdam}，
}

@inproceedings{vot2017,
  title={The Visual Object Tracking VOT2017 Challenge Results},
  author={Kristan, Matej and Leonardis, Ales and Matas, Jiri and Felsberg, Michael and He, Zhiqun},
  booktitle={IEEE International Conference on Computer Vision Workshop},
  pages={1949-1972},
  year={2017},
organization={Venice}，
}

@article{tc128,
  title={Encoding Color Information for Visual Tracking: Algorithms and Benchmark},
  author={Liang, Pengpeng and Blasch, Erik and Ling, Haibin},
  journal={IEEE Transactions on Image Processing},
  volume={24},
  number={12},
  pages={5630-5644},
  year={2015},
}

@inproceedings{uav123,
  title={A Benchmark and Simulator for UAV Tracking},
  author={Mueller, Matthias and Smith, Neil and Ghanem, Bernard},
  booktitle={European Conference on Computer Vision},
  pages={445-461},
  year={2016},
organization={Amsterdam}，
}

@article{src,
  title={Robust face recognition via sparse representation},
  author    = {John, Wright and Yang, Allen. Y and Ganesh, Arvind and S. Shankar, Sastry and Yi. Ma},
  journal={IEEE Transactions on Pattern Analysis and Machine Intelligence},
  volume={31},
  number={2},
  pages={210-227},
  year={2009},
}

@article{pfr,
  title={Toward a Practical Face Recognition System: Robust Alignment and Illumination by Sparse Representation},
  author={Andrew, Wagner and John, Wright and Arvind, Ganesh and Zihan, Zhou and Hossein, Mobahi and Yi, Ma},
  journal={IEEE Transactions on Pattern Analysis and Machine Intelligence},
  volume={34},
  number={2},
  pages={372},
  year={2012},
}


@article{spr,
  title={Learning to detect objects in images via a sparse, part-based representation},
  author={Shivani, Agarwal and Aatif, Awan and Dan, Roth},
  journal={IEEE Transactions on Pattern Analysis and Machine Intelligence},
  volume={26},
  number={11},
  pages={1475-1490},
  year={2004},
}

@inproceedings{scspm,
  title={Linear spatial pyramid matching using sparse coding for image classification},
  author={Yang, Jianchao and Yu, Kai and Gong, Yihong and Huang, Thomas},
  booktitle={IEEE Conference on Computer Vision and Pattern Recognition},
  pages={1794-1801},
  year={2009},
organization={Dallas}，
}

@book{particlefilter,
  title={Sequential Monte-Carlo Methods in Practice},
  author={Arnaud, Doucet and Nando, Freitas and Neil, Gordon},
 publisher={Springer-Verlag},
  year={2001},
}

@inproceedings{lcc,
  author    = {Yu, Kai and
                     Zhang, Tong and
                     Gong, Yihong},
  title     = {Nonlinear Learning using Local Coordinate Coding},
  booktitle = {Advances in Neural Information Processing Systems},
  pages     = {2223-2231},
  year      = {2009},
organization={Milan}，
}

@inproceedings{llc,
  title={Locality-constrained Linear Coding for image classification},
  author={Wang, Jinjun and Yang, Jianchao and Kai, Yu and Lv, Fengjun and Gong, Yihong},
  booktitle={IEEE Conference on Computer Vision and Pattern Recognition},
  pages     = {3360-3367},
  year={2010},
organization={San Francisco}，
}

@inproceedings{tgpr,
  author    = {Gao, Jin and
               Ling, Haibin and
               Hu, Weiming and
               Junliang, Xing},
  title     = {Transfer learning based visual tracking with gaussian processes regression},
  booktitle = {European Conference on Computer Vision},
  pages     = {188-203},
  year      = {2014},
organization={Firenze}，
}

@inproceedings{sint,
  title={Siamese Instance Search for Tracking},
  author={Tao, Ran and Gavves, Efstratios and Smeulders, Arnold W. M.},
  booktitle={IEEE Conference on Computer Vision and Pattern Recognition},
  pages     = {1420-1429},
  year={2016},
organization={Las Vegas}，
}

@article{cnt,
  title={Robust Visual Tracking via Convolutional Networks Without Training},
  author={Zhang, Kaihua and Liu, Qingshan and Yi, Wu and Member, Senior and IEEE},
  journal={IEEE Transactions on Image Processing},
  volume={25},
  number={4},
  pages={1779-1792},
  year={2015},
}

@inproceedings{dlt,
  title={Learning a Deep Compact Image Representation for Visual Tracking},
  author={Wang, Naiyan and Yeung, Dit Yan},
  booktitle={Advances in Neural Information Processing Systems},
  pages={809-817},
  year={2013},
organization={Paris}，
}

@inproceedings{ssrcnn,
  title={Spatially Supervised Recurrent Convolutional Neural Networks for Visual Object Tracking},
  author={Ning, Guanghan and Zhang, Zhi and Huang, Chen and He, Zhihai and Ren, Xiaobo and Wang, Haohong},
  booktitle={International Symposium on Circuits and Systems},
  pages={1-4},
  year={2016},
organization={Hangzhou}，
}

@inproceedings{meem,
  title={MEEM: Robust tracking via multiple experts using entropy minimization.},
  author={Zhang, Jianming and Ma, Shugao and Sclaroff, Stan},
booktitle = {European Conference on Computer Vision},
  pages     = {188-203},
  year={2014},
organization={Zurich}，
}

@inproceedings{hog,
  title={Histograms of Oriented Gradients for Human Detection},
  author={Dalal, Navneet and Triggs, Bill},
  booktitle={IEEE Conference on Computer Vision and Pattern Recognition},
 pages     = {886-893},
  year={2005},
organization={Cleveland}，
}

@inproceedings{mc,
  author    = {Lan, Xiangyuan and
                     Ma, Andy. J and
                     Yuen, Pong. C},
  title     = {Multi-Cue Visual Tracking Using Robust Feature-Level Fusion Based on Joint Sparse Representation},
  booktitle = {IEEE Conference on Computer Vision and Pattern Recognition},
  pages     = {1194-1201},
  year      = {2014},
organization={Boston}，
}

@article{mc2,
  author    = {Lan, Xiangyuan and
               Ma, Andy. J and
               Yuen, Pong. C and
               Rama, Chellappa},
  title     = {Joint Sparse Representation and Robust Feature-Level Fusion for Multi-Cue Visual Tracking},
  journal   = {IEEE Transactions on Image Processing},
  volume    = {24},
  number    = {12},
  pages     = {5826-5841},
  year      = {2015},
}

@inproceedings{mff,
  author    = {Ma, Lin and
               Lu, Jiwen and
               Feng, Jianjiang and
               Jie, Zhou},
  title     = {Multiple Feature Fusion via Weighted Entropy for Visual Tracking},
  booktitle = {IEEE International Conference on Computer Vision },
  pages     = {3128--3136},
  year      = {2015},
organization={Santiago}，
}

@article{msrt,
  author    = {Lan, Xiangyuan and
               Zhang, Shengping and
               Yuen, Pong. C and
               Rama, Chellapa},
  title     = {Learning Common and Feature-Specific Patterns: A Novel Multiple-Sparse-Representation-Based Tracker},
  journal   = {IEEE Transactions on Image Processing},
  volume    = {27},
  number    = {4},
  pages     = {2022-2037},
  year      = {2018},
}

@inproceedings{mcacf,
  title={Multi-Cue Adaptive Correlation Filters for Visual Tracking},
  author={Liu, Chang and Feng, Dapeng and Wu, Hefeng and Ning, Liu},
  booktitle={International Conference on Digital Home},
  pages     = {89-94},
  year={2016},
organization={Guangzhou}，
}

@inproceedings{csrdcf,
  author    = {Alan, Lukezic and
                     Tomas, Vojir and 
                     Luka, Zajc and
                     Jiri, Matas and
                     Matej, Kristan},
  title     = {Discriminative Correlation Filter with Channel and Spatial Reliability},
  booktitle = {IEEE Conference on Computer Vision and Pattern Recognition},
  pages     = {6309-6318},
  year      = {2017},
organization={Honolulu}，
}

@inproceedings{cfnet,
  author    = {Jack, Valmadre and
               Luca, Bertinetto and                
               Joao, Henriques and
               Andrea, Vedaldi and
               Philip. S. Torr},
  title     = {End-to-end representation learning for Correlation Filter based tracking},
  booktitle = {IEEE Conference on Computer Vision and Pattern Recognition},
  pages     = {5000-5008},
  year      = {2017},
organization={Honolulu}，
}


@inproceedings{acfn,
 author={Choi, Jongwon and Chang, Hyungjin and Yun, Sangdoo and Tobisa, Fischer and Yiannis, Demiri and Jinyoung, Choi},
  title={Attentional Correlation Filter Network for Adaptive Visual Tracking},
  booktitle={IEEE Conference on Computer Vision and Pattern Recognition},
  pages={4828-4837},
  year={2017},
organization={Honolulu}，
}

@inproceedings{tcnn,
  title={Modeling and Propagating CNNs in a Tree Structure for Visual Tracking},
  booktitle={IEEE Conference on Computer Vision and Pattern Recognition},
  author={Nam, Hyeonseob and Baek, Mooyeol and Han, Bohyung},
  pages={1158-1166},
  year={2017},
organization={Honolulu}，
}

@inproceedings{ebt,
  title={Beyond Local Search: Tracking Objects Everywhere with Instance-Specific Proposals},
  author={Zhu, Gao and Porikli, Fatih and Li, Hongdong},
  booktitle={IEEE Conference on Computer Vision and Pattern Recognition},
  pages={943-951},
  year={2016},
organization={Las Vegas}，
}

@inproceedings{mkcf,
  title={High-speed Tracking with Multi-kernel Correlation Filters},
  author={Tang, Ming and Yu, Bin and Zhang, Fan and Wang, Jinqiao},
  booktitle={IEEE Conference on Computer Vision and Pattern Recognition},
  pages={4874-4883},
  year={2018},
organization={Salt Lake City}，
}

@inproceedings{hcf,
  title={Hierarchical Convolutional Features for Visual Tracking},
  author={Ma, Chao and Huang, Bin and Yang, Xiaokang and Yang, Ming Hsuan},
  booktitle={IEEE International Conference on Computer Vision},
  pages={3074-3082},
  year={2016},
organization={Las Vegas}，
}

@article{rf,
  title={Robust Target Tracking by Online Random Forests and Superpixels},
  author={Wang, Wei and Wang, Chunping and Liu, Si and Zhang, Tianzhu and Cao, Xiaochun},
  journal={IEEE Transactions on Circuits and Systems for Video Technology},
  volume={28},
  number={7},
  pages={1609-1622},
  year={2018},
}

@article{tld,
  title={Tracking-Learning-Detection},
  author={Kalal, Zdenek and Mikolajczyk, Krystian and Matas, Jiri},
  journal={IEEE Transactions on Pattern Analysis and Machine Intelligence},
  volume={34},
  number={7},
  pages={1409-1422},
  year={2012},
}

@article{oaot,
 author={Dong, Xingping and Shen, Jianbing and Yu, Dajiang and Wenguan, Wan and Jianhong, Li and Hua, Huang},
  title={Occlusion-Aware Real-Time Object Tracking},
  journal={IEEE Transactions on Multimedia.},
  volume={19},
  number={4},
  pages={763-771},
  year={2017},
}



@article{dgme,
  author    = {Li, Jiatong and Deng, Chenwei and Xu, Yida and Dacheng, Tao and Baojun, Zhao},
  title     = {Robust Object Tracking With Discrete Graph Based Multiple Experts},
  journal   = {IEEE Transactions on Image Processing},
  volume    = {26},
  number    = {6},
  pages     = {2736-2750},
  year      = {2017},
}

@inproceedings{hts,
  author={Li, Jiatong and Hong, Zhibin and Zhao, Baojun},
  title={Robust Visual Tracking by Exploiting the Historical Tracker Snapshots},
  booktitle={IEEE International Conference on Computer Vision Workshop},
  pages={604-612},
  year={2015},
organization={Santiago}，
}

@article{sdscf,
  author    = {Li, Xin and
               Liu, Qiao and 
               He, Zhenyu and
                 et al.},
  title     = {A multi-view model for visual tracking via correlation filters},
  journal   = {Knowledge-Based Systems},
  volume    = {113},
  pages     = {88--99},
  year      = {2016},
}

@article{dcfnet,
 author={Qiang, Wang and Jin, Gao and Junliang, Xing and Mengdan, Zhang and Weiming, Hu},
  title={DCFNet: Discriminant Correlation Filters Network for Visual Tracking},
  booktitle={arxiv},
  year={2017},
}

@inproceedings{esvm,
  title={Ensemble of exemplar-SVMs for object detection and beyond},
  author={Malisiewicz, Tomasz and Gupta, Abhinav and Efros, Alexei A.},
  booktitle={IEEE International Conference on Computer Vision},
  pages={6-13},
  year={2011},
organization={Barcelona}，
}

@article{efd,
  title={On the Design of Cascades of Boosted Ensembles for Face Detection},
  author={S. Charles, Brubaker and Wu, Jianxin and Sun, Jie and Matthew D, Mullin and James M, Rehg},
  journal={International Journal of Computer Vision},
  volume={77},
  number={1-3},
  pages={65-86},
  year={2008},
}


@inproceedings{eic,
  title={Ensemble Projection for Semi-supervised Image Classification},
  author={Dai, Dengxin and Gool, Luc Van},
  booktitle={IEEE International Conference on Computer Vision},
  pages={2072-2079},
  year={2014},
organization={Dallas}，
}

@article{efr,
  title={Hierarchical Ensemble of Global and Local Classifiers for Face Recognition},
  author={Su, Yu and Shan, Shiguang and Chen, Xilin and Gao, Wen},
  journal={IEEE Transactions on Image Processing},
  volume={18},
  number={8},
  pages={1885-96},
  year={2009},
}

@article{evfr,
  title={Trunk-Branch Ensemble Convolutional Neural Networks for Video-based Face Recognition},
  author={Ding, Changxing and Tao, Dacheng},
  journal={IEEE Transactions on Pattern Analysis and Machine Intelligence},
  volume={40},
  number={4},
  pages={1002-1014},
  year={2018},
}


@article{oahmm,
  author={Toma, Vojir and 
                Jiri, Matas and 
                Jane,Noskova},
  title={Online adaptive hidden Markov model for multi-tracker fusion},
  journal={Computer Vision and Image Understanding},
  volume={31},
  number={5},
  pages={125-141},
  year={2016},
}

@article{et,
  author={Shai, Avidan},
  title={Ensemble Tracking},
  journal={IEEE Transactions on Pattern Analysis and Machine Intelligence},
  volume={29},
  number={2},
  pages={261-271},
  year={2007},
}

@article{mtpf,
  author={ObaidUllah, Khalid and Juan, Sanmiguel and Andrea, Cavallaro},
  title={Multi-Tracker Partition Fusion},
  journal={IEEE Transactions on Circuits and Systems for Video Technology},
  volume={27},
  number={7},
  pages={1527-1539},
  year={2017},
}

@inproceedings{ret,
 author={Bai, Qinxun and Wu, Zheng and Stan, Sclaroff and Margrit, Betke and Camille, Monnier},
  title={Randomized Ensemble Tracking},
  booktitle={IEEE International Conference on Computer Vision},
  pages     = {2040-2047},
  year      = {2013},
organization={Sydney}，
}

@inproceedings{oab,
  author    = {Helmut, Grabner and
               Michael, Grabner and
               Horst, Bischof},
  title     = {Real-time tracking via on-line boosting},
  booktitle = {The British Machine Vision Conference},
  pages     = {47-56},
  year      = {2006},
organization={London}，
}

@inproceedings{sta,
  title={A Superior Tracking Approach: Building a Strong Tracker through Fusion},
  author={Christian, Bailer and Alain, Pagani and Didier, Stricker},
  booktitle={European Conference on Computer Vision},
  pages={170-185},
  year={2014},
organization={Zurich}，
}

@inproceedings{ebt2,
  author={Wang, Naiyan and Yeung, Dit-Yan},
  title={Ensemble-based tracking: aggregating crowdsourced structured time series data},
  booktitle={International Conference on Machine Learning},
  pages={1107-1115},
  year={2014},
organization={Beijing}，
}


@article{ada,
  title={Soft Margins for AdaBoost},
  author={Gunnar, Rätsch and Toshihiko, Onoda and Klaus-Robert, Müller},
  journal={Machine Learning},
  volume={42},
  number={3},
  pages={287-320},
  year={2001},
}
