

@inproceedings{he2016deep,
	title={Deep residual learning for image recognition},
	author={He, Kaiming and Zhang, Xiangyu and Ren, Shaoqing and Sun, Jian},
	booktitle={Proceedings of the IEEE conference on computer vision and pattern recognition},
	pages={770--778},
	year={2016}
}

@article{kuhn1955hungarian,
	title={The Hungarian method for the assignment problem},
	author={Kuhn, Harold W},
	journal={Naval research logistics quarterly},
	volume={2},
	number={1-2},
	pages={83--97},
	year={1955},
	publisher={Wiley Online Library}
}

@inproceedings{sutskever2013importance,
	title={On the importance of initialization and momentum in deep learning},
	author={Sutskever, Ilya and Martens, James and Dahl, George and Hinton, Geoffrey},
	booktitle={International conference on machine learning},
	pages={1139--1147},
	year={2013},
	organization={PMLR}
}
