

@article{2019CVPR19,
	title={CVPR19 Tracking and Detection Challenge: How crowded can it get?},
	author={ Dendorfer, P.  and  Rezatofighi, H.  and  Milan, A.  and  Shi, J.  and  Cremers, D.  and  Reid, I.  and  Roth, S.  and  Schindler, K.  and  Leal-Taixe, L. },
	year={2019},
}

@inproceedings{kim2021discriminative,
	title={Discriminative Appearance Modeling with Multi-track Pooling for Real-time Multi-object Tracking},
	author={Kim, Chanho and Fuxin, Li and Alotaibi, Mazen and Rehg, James M},
	booktitle={Proceedings of the IEEE/CVF Conference on Computer Vision and Pattern Recognition},
	pages={9553--9562},
	year={2021}
}

@article{feng2019multi,
	title={Multi-object tracking with multiple cues and switcher-aware classification},
	author={Feng, Weitao and Hu, Zhihao and Wu, Wei and Yan, Junjie and Ouyang, Wanli},
	journal={arXiv preprint arXiv:1901.06129},
	year={2019}
}

@article{van2008visualizing,
	title={Visualizing data using t-SNE.},
	author={Van der Maaten, Laurens and Hinton, Geoffrey},
	journal={Journal of machine learning research},
	volume={9},
	number={11},
	year={2008}
}

@article{chu2020dasot,
	title={DASOT: A Unified Framework Integrating Data Association and Single Object Tracking for Online Multi-Object Tracking},
	author={Chu, Qi and Ouyang, Wanli and Liu, Bin and Zhu, Feng and Yu, Nenghai},
	journal={AAAI},
	pages={10672--10679},
	year={2020}
}

@article{babaee2019a,
	title={A dual CNN-RNN for multiple people tracking},
	author={Babaee, Maryam and Li, Zimu and Rigoll, Gerhard},
	journal={Neurocomputing},
	pages={69--83},
	year={2019}
}

@inproceedings{2020Eliminating,
	title={Eliminating Exposure Bias and Metric Mismatch in Multiple Object Tracking},
	author={ Maksai, A.  and  Fua, P. },
	booktitle={2019 IEEE/CVF Conference on Computer Vision and Pattern Recognition (CVPR)},
	year={2020},
}

@inproceedings{2019Online,
	title={Online Multi-object Visual Tracking using a GM-PHD Filter with Deep Appearance Learning},
	author={ Baisa, N. L. },
	booktitle={22nd International Conference on Information Fusion},
	year={2019},
}

@article{2019Real,
	title={Real-Time Online Multi-Object Tracking in Compressed Domain},
	author={ Liu, Q.  and  Liu, B.  and  Wu, Y.  and  Li, W.  and  Yu, N. },
	journal={IEEE Access},
	year={2019},
}

@article{baisa2021robust,
	title={Robust online multi-target visual tracking using a HISP filter with discriminative deep appearance learning},
	author={Baisa, Nathanael L},
	journal={Journal of Visual Communication and Image Representation},
	volume={77},
	pages={102952},
	year={2021},
	publisher={Elsevier}
}

@inproceedings{bewley2016simple,
	title={Simple online and realtime tracking},
	author={Bewley, Alex and Ge, Zongyuan and Ott, Lionel and Ramos, Fabio and Upcroft, Ben},
	booktitle={2016 IEEE international conference on image processing (ICIP)},
	pages={3464--3468},
	year={2016},
	organization={IEEE}
}

@article{baisa2021occlusion,
	title={Occlusion-robust online multi-object visual tracking using a GM-PHD filter with CNN-based re-identification},
	author={Baisa, Nathanael L},
	journal={Journal of Visual Communication and Image Representation},
	volume={80},
	pages={103279},
	year={2021},
	publisher={Elsevier}
}

@article{urbann2021online,
	title={Online and Real-Time Tracking in a Surveillance Scenario},
	author={Urbann, Oliver and Bredtmann, Oliver and Otten, Maximilian and Richter, Jan-Philip and Bauer, Thilo and Zibriczky, David},
	journal={arXiv preprint arXiv:2106.01153},
	year={2021}
}

@article{nishimura2021sdof,
	title={SDOF-Tracker: Fast and Accurate Multiple Human Tracking by Skipped-Detection and Optical-Flow},
	author={Nishimura, Hitoshi and Komorita, Satoshi and Kawanishi, Yasutomo and Murase, Hiroshi},
	journal={arXiv preprint arXiv:2106.14259},
	year={2021}
}

@inproceedings{bergmann2019tracking,
	title={Tracking without bells and whistles},
	author={Bergmann, Philipp and Meinhardt, Tim and Leal-Taixe, Laura},
	booktitle={Proceedings of the IEEE/CVF International Conference on Computer Vision},
	pages={941--951},
	year={2019}
}


@article{wen2020ua-detrac,
	title={UA-DETRAC: A new benchmark and protocol for multi-object detection and tracking},
	author={Wen, Longyin and Du, Dawei and Cai, Zhaowei and Lei, Zhen and Chang, Ming-Ching and Qi, Honggang and Lim, Jongwoo and Yang, Ming-Hsuan and Lyu, Siwei},
	journal={Computer Vision and Image Understanding},
	year={2020}
}


@article{2021Person,
	title={Person re-identification with part prediction alignment},
	author={ Li, Z.  and  Lv, J.  and  Chen, Y.  and  Yuan, J. },
	journal={Computer Vision and Image Understanding},
	volume={205},
	pages={103172},
	year={2021},
}

@article{wildemuth2019the,
	title={The usefulness of multimedia surrogates for making relevance judgments about digital video objects},
	author={Wildemuth, Barbara M.  and Marchionini, Gary  and Fu, Xin  and Oh, Jun Sung  and Yang, Meng },
	journal={Information Processing \& Management},
	year={2019}
}

@article{li2020joint,
	title={Joint deep feature learning and unsupervised visual domain adaptation for cross-domain 3D object retrieval},
	author={Li, Wen-Hui and Xiang, Shu and Nie, Wei-Zhi and Song, Dan and Liu, An-An and Li, Xuan-Ya and Hao, Tong},
	journal={Information Processing \& Management},
	year={2020}
}

@article{baisa2019online,
	title={Online Multi-object Visual Tracking using a GM-PHD Filter with Deep Appearance Learning},
	author={Baisa, L. Nathanael},
	journal={FUSION},
	pages={1--8},
	year={2019}
}

@article{baisa2019development,
	title={Development of a N-type GM-PHD Filter for Multiple Target, Multiple Type Visual Tracking},
	author={Baisa, L. Nathanael and Wallace, M. Andrew},
	journal={Journal of Visual Communication and Image Representation},
	pages={257--271},
	year={2019}
}

@article{kim2021discriminative,
	title={Discriminative Appearance Modeling with Multi-track Pooling for
	Real-time Multi-object Tracking},
	author={Kim, Chanho and Fuxin, Li and Alotaibi, Mazen and Rehg, M. James},
	journal={Proceedings of the IEEE/CVF Conference on Computer Vision and Pattern Recognition (CVPR)},
	year={2021}
}

@article{bae2014robust,
	title={Robust Online Multi-object Tracking Based on Tracklet Confidence and Online Discriminative Appearance Learning},
	author={Bae, Seung-Hwan and Yoon, Kuk-Jin},
	journal={CVPR},
	pages={1218--1225},
	year={2014}
}

@inproceedings{RN998,
   author = {Bae, Seung-Hwan and Yoon, Kuk-Jin},
   title = {Robust online multi-object tracking based on tracklet confidence and online discriminative appearance learning},
   booktitle = {Proceedings of the IEEE conference on computer vision and pattern recognition (CVPR, 2014)},
   pages = {1218-1225},
   type = {Conference Proceedings}
}

@article{RN601,
   author = {Bae, Seung-Hwan and Yoon, Kuk-Jin},
   title = {Confidence-Based Data Association and Discriminative Deep Appearance Learning for Robust Online Multi-Object Tracking},
   journal = {IEEE Transactions on Pattern Analysis and Machine Intelligence},
   pages = {1-1},
   year = {2018},
   type = {Journal Article}
}

@article{ban2016tracking,
	title={Tracking Multiple Persons Based on a Variational Bayesian Model},
	author={Ban, Yutong and Ba, O. Sileye and Alameda-Pineda, Xavier and Horaud, Radu},
	journal={ECCV Workshops},
	pages={52--67},
	year={2016}
}

@article{ban2016tracking,
	title={Tracking Multiple Persons Based on a Variational Bayesian Model},
	author={Ban, Yutong and Ba, O. Sileye and Alameda-Pineda, Xavier and Horaud, Radu},
	journal={ECCV Workshops},
	pages={52--67},
	year={2016}
}

@inproceedings{RN689,
   author = {Ban, Yutong and Ba, Sileye and Alameda-Pineda, Xavier and Horaud, Radu},
   title = {Tracking multiple persons based on a variational bayesian model},
   booktitle = {European Conference on Computer Vision (ECCV, 2016)},
   publisher = {Springer},
   pages = {52-67},
   type = {Conference Proceedings}
}

@article{RN475,
   author = {Bernardin, Keni and Stiefelhagen, Rainer},
   title = {Evaluating multiple object tracking performance: the CLEAR MOT metrics},
   journal = {Journal on Image and Video Processing},
   volume = {2008},
   pages = {1},
   ISSN = {1687-5176},
   year = {2008},
   type = {Journal Article}
}

@article{RN979,
   author = {Bucilu«é, Cristian and Caruana, Rich and Niculescu-mizil, Alexandru},
   title = {Model compression},
   journal = {KDD},
   pages = {535-541},
   year = {2006},
   type = {Journal Article}
}

@article{chen2017enhancing,
	title={Enhancing Detection Model for Multiple Hypothesis Tracking},
	author={Chen, Jiahui and Sheng, Hao and Zhang, Yang and Xiong, Zhang},
	journal={IEEE Computer Society Conference on Computer Vision and Pattern Recognition Workshops},
	pages={2143--2152},
	year={2017}
}

@inproceedings{RN552,
   author = {Chen, Jiahui and Sheng, Hao and Zhang, Yang and Xiong, Zhang},
   title = {Enhancing detection model for multiple hypothesis tracking},
   booktitle = {Proceedings of the IEEE Conference on Computer Vision and Pattern Recognition Workshops (CVPR, 2017)},
   pages = {18-27},
   type = {Conference Proceedings}
}

@article{RN1002,
   author = {Chen, Peng and Dang, Yuanjie and Liang, Ronghua and Zhu, Wei and He, Xiaofei},
   title = {Real-time object tracking on a drone with multi-inertial sensing data},
   journal = {IEEE Transactions on Intelligent Transportation Systems},
   volume = {19},
   number = {1},
   pages = {131-139},
   ISSN = {1524-9050},
   year = {2017},
   type = {Journal Article}
}

@article{RN982,
   author = {Chen, Yuntao and Wang, Naiyan and Zhang, Zhaoxiang},
   title = {DarkRank: Accelerating Deep Metric Learning via Cross Sample Similarities Transfer},
   journal = {AAAI},
   pages={2852--2859},
   year = {2018},
   type = {Journal Article}
}

@article{RN724,
   author = {Chen, Ying and Yuan, Jin and Li, Zhiyong and Wu, Yiqiang and Nouioua, Mourad and Xie, Guoqi},
   title = {Person re-identification based on re-ranking with expanded k-reciprocal nearest neighbors},
   journal = {Journal of Visual Communication and Image Representation},
   volume = {58},
   pages = {486-494},
   ISSN = {1047-3203},
   year = {2019},
   type = {Journal Article}
}


@article{RN542,
	title={FAMNet: Joint Learning of Feature, Affinity and Multi-dimensional Assignment for Online Multiple Object Tracking},
	author={Chu, Peng and Ling, Haibin},
	journal={International Conference on Computer Vision},
	pages={6172--6181},
	year={2019}
}

@article{chu2017online,
	title={Online Multi-Object Tracking Using CNN-based Single Object Tracker with Spatial-Temporal Attention Mechanism},
	author={Chu, Qi and Ouyang, Wanli and Li, Hongsheng and Wang, Xiaogang and Liu, Bin and Yu, Nenghai},
	journal={ICCV},
	pages={4846--4855},
	year={2017}
}

@article{chu2017online,
	title={Online Multi-Object Tracking Using CNN-based Single Object Tracker with Spatial-Temporal Attention Mechanism},
	author={Chu, Qi and Ouyang, Wanli and Li, Hongsheng and Wang, Xiaogang and Liu, Bin and Yu, Nenghai},
	journal={ICCV},
	pages={4846--4855},
	year={2017}
}

@inproceedings{RN462,
   author = {Chu, Qi and Ouyang, Wanli and Li, Hongsheng and Wang, Xiaogang and Liu, Bin and Yu, Nenghai},
   title = {Online multi-object tracking using cnn-based single object tracker with spatial-temporal attention mechanism},
   booktitle = {2017 IEEE International Conference on Computer Vision (ICCV).(Oct 2017)},
   pages = {4846-4855},
   type = {Conference Proceedings}
}

@article{chung2017a,
	title={A Two Stream Siamese Convolutional Neural Network for Person Re-identification},
	author={Chung, Dahjung and Tahboub, Khalid and Delp, J. Edward},
	journal={ICCV},
	pages={1992--2000},
	year={2017}
}

@inproceedings{RN975,
   author = {Chung, Dahjung and Tahboub, Khalid and Delp, Edward J.},
   title = {A Two Stream Siamese Convolutional Neural Network for Person Re-identification},
   booktitle = {IEEE International Conference on Computer Vision (2017)},
   type = {Conference Proceedings}
}

@article{danelljan2017eco,
	title={ECO: Efficient Convolution Operators for Tracking},
	author={Danelljan, Martin and Bhat, Goutam and Khan, Shahbaz Fahad and Felsberg, Michael},
	journal={CVPR},
	year={2017}
}

@inproceedings{RN369,
   author = {Danelljan, Martin and Bhat, Goutam and Khan, Fahad Shahbaz and Felsberg, Michael},
   title = {ECO: Efficient Convolution Operators for Tracking},
   booktitle = {CVPR, 2017},
   volume = {1},
   pages = {3},
   type = {Conference Proceedings}
}

@article{dehghan2015gmmcp,
	title={GMMCP tracker: Globally optimal Generalized Maximum Multi Clique problem for multiple object tracking},
	author={Dehghan, Afshin and Modiri Assari, Shayan and Shah, Mubarak},
	journal={CVPR},
	year={2015}
}

@inproceedings{RN997,
   author = {Dehghan, Afshin and Modiri Assari, Shayan and Shah, Mubarak},
   title = {Gmmcp tracker: Globally optimal generalized maximum multi clique problem for multiple object tracking},
   booktitle = {Proceedings of the IEEE Conference on Computer Vision and Pattern Recognition (CVPR, 2015)},
   pages = {4091-4099},
   type = {Conference Proceedings}
}

@article{RN766,
   author = {Dendorfer, Patrick and Rezatofighi, Hamid and Milan, Anton and Shi, Javen and Cremers, Daniel and Reid, Ian and Roth, Stefan and Schindler, Konrad and Leal-Taix√©, Laura},
   title = {Mot20: A benchmark for multi object tracking in crowded scenes},
   journal = {arXiv preprint arXiv:2003.09003},
   year = {2020},
   type = {Journal Article}
}

@inproceedings{RN92,
   author = {Feichtenhofer, Christoph and Pinz, Axel and Wildes, Richard P.},
   title = {Spatiotemporal Multiplier Networks for Video Action Recognition},
   booktitle = {IEEE Conference on Computer Vision and Pattern Recognition (CVPR, 2017)},
   pages = {7445-7454},
   type = {Conference Proceedings}
}

@article{RN584,
   author = {Felzenszwalb, Pedro F and Girshick, Ross B and Mcallester, David and Ramanan, Deva},
   title = {Object Detection with Discriminatively Trained Part-Based Models},
   journal = {IEEE Transactions on Pattern Analysis \& Machine Intelligence},
   volume = {32},
   number = {9},
   pages = {1627-1645},
   year = {2010},
   type = {Journal Article}
}


@article{geiger2012are,
	title={Are we ready for autonomous driving? The KITTI vision benchmark suite},
	author={Andreas Geiger,
	Philip Lenz and Raquel Urtasun},
	journal={Computer Vision and Pattern Recognition},
	pages={3354--3361},
	year={2012}
}

@article{RN927,
   author = {Gu, Xinqian and Ma, Bingpeng and Chang, Hong and Shan, Shiguang and Chen, Xilin},
   title = {Temporal Knowledge Propagation for Image-to-Video Person Re-Identification},
   journal = {ICCV},
   pages = {9646-9655},
   year = {2019},
   type = {Journal Article}
}

@article{he2016deep,
	title={Deep Residual Learning for Image Recognition},
	author={Kaiming He, Xiangyu Zhang,
	Shaoqing Ren and Jian Sun},
	journal={CVPR},
	year={2016}
}

@article{RN32,
	title={Deep Residual Learning for Image Recognition},
	author={Kaiming He, Xiangyu Zhang,
	Shaoqing Ren and Jian Sun},
	journal={CVPR},
	year={2016}
}

@article{cheng2016person,
	title={Person Re-identification by Multi-Channel Parts-Based CNN with Improved Triplet Loss Function},
	author={Cheng, De and Gong, Yihong and Zhou, Sanping and Wang, Jinjun and Zheng, Nanning},
	journal={CVPR},
	pages={1335--1344},
	year={2016}
}


@article{hinton2015distilling,
	title={Distilling the Knowledge in a Neural Network},
	author={Hinton, E. Geoffrey and Vinyals, Oriol and Dean, Jeffrey},
	journal={CoRR},
	year={2015}
}

@inproceedings{RN144,
   author = {Hinton, Geoffrey and Dean, Jeff and Vinyals, Oriol and Hinton, Geoffrey and Dean, Jeff and Vinyals, Oriol and Hinton, Geoffrey and Dean, Jeff and Vinyals, Oriol},
   title = {Distilling the Knowledge in a Neural Network},
   booktitle = {NIPS,2014},
   pages = {1-9},
   type = {Conference Proceedings}
}

@article{RN567,
   author = {Jiang, Xiaolong and Li, Peizhao and Li, Yanjing and Zhen, Xiantong},
   title = {Graph Neural Based End-to-end Data Association Framework for Online Multiple-Object Tracking},
   journal = {arXiv preprint arXiv:1907.05315},
   year = {2019},
   type = {Journal Article}
}

@article{kieritz2016online,
	title={Online multi-person tracking using Integral Channel Features},
	author={Kieritz, Hilke and Becker, Stefan and H√ºbner, Wolfgang and Arens, Michael},
	journal={AVSS},
	pages={122--130},
	year={2016}
}

@inproceedings{RN690,
   author = {Kieritz, Hilke and Becker, Stefan and H√ºbner, Wolfgang and Arens, Michael},
   title = {Online multi-person tracking using integral channel features},
   booktitle = {2016 13th IEEE International Conference on Advanced Video and Signal Based Surveillance (AVSS)},
   publisher = {IEEE},
   pages = {122-130},
   ISBN = {1509038116},
   type = {Conference Proceedings}
}

@article{RN586,
   author = {Kingma, Diederik and Ba, Jimmy},
   title = {Adam: A Method for Stochastic Optimization},
   year = {2014},
   type = {Journal Article}
}

@article{RN992,
   author = {Kruskal, B. J. and LABORATORIES, T.E.L.E.P.H.O.N.E. B. E. L. L. and MURRAY, H. I. L. L.},
   title = {Multidimensional scaling by optimizing goodness of fit to a nonmetric hypothesis},
   journal = {Psychometrika},
   pages = {1-27},
   year = {1964},
   type = {Journal Article}
}

@article{leal-taixe2016learning,
	title={Learning by tracking: Siamese CNN for robust target association},
	author={Leal-Taix√©, Laura and Canton-Ferrer, Cristian and Schindler, Konrad},
	journal={IEEE Computer Society Conference on Computer Vision and Pattern Recognition Workshops},
	pages={418--425},
	year={2016}
}

@inproceedings{RN454,
   author = {Leal-Taix√©, Laura and Canton-Ferrer, Cristian and Schindler, Konrad},
   title = {Learning by tracking: Siamese cnn for robust target association},
   booktitle = {Proceedings of the IEEE Conference on Computer Vision and Pattern Recognition Workshops (CVPR, 2016)},
   pages = {33-40},
   type = {Conference Proceedings}
}

@article{RN987,
   author = {Levin, David},
   title = {The approximation power of moving least-squares},
   journal = {Math. Comput.},
   pages = {1517-1531},
   year = {1998},
   type = {Journal Article}
}

@article{RN1214,
   author = {Li, Guiji and Peng, Manman and Nai, Ke and Li, Zhiyong and Li, Keqin},
   title = {Multi-view correlation tracking with adaptive memory-improved update model},
   journal = {Neural Computing and Applications},
   pages = {1-17},
   ISSN = {1433-3058},
   year = {2019},
   type = {Journal Article}
}

@article{li2020graph,
	title={Graph Networks for Multiple Object Tracking},
	author={Li, Jiahe and Gao, Xu and Jiang, Tingting},
	journal={WACV},
	pages={708--717},
	year={2020}
}

@inproceedings{RN1210,
   author = {Li, Jiahe and Gao, Xu and Jiang, Tingting},
   title = {Graph Networks for Multiple Object Tracking},
   booktitle = {The IEEE Winter Conference on Applications of Computer Vision},
   pages = {719-728},
   type = {Conference Proceedings}
}

@article{RN1215,
   author = {Li, Zhiyong and Nai, Ke and Li, Guiji and Jiang, Shilong},
   title = {Learning a Dynamic Feature Fusion Tracker for Object Tracking},
   journal = {IEEE Transactions on Intelligent Transportation Systems},
   ISSN = {1524-9050},
   year = {2020},
   type = {Journal Article}
}

@article{li2016robust,
	title={Robust object tracking via weight-based local sparse appearance model},
	author={Li, Zhiyong and Wang, Dongming and Nai, Ke and Shen, Tong and Zeng, Ying},
	journal={ICNC-FSKD},
	pages={560--565},
	year={2016}
}

@inproceedings{RN720,
   author = {Li, Zhiyong and Wang, Dongming and Nai, Ke and Shen, Tong and Zeng, Ying},
   title = {Robust object tracking via weight-based local sparse appearance model},
   booktitle = {2016 12th International Conference on Natural Computation, Fuzzy Systems and Knowledge Discovery (ICNC-FSKD)},
   publisher = {IEEE},
   pages = {560-565},
   ISBN = {1509040935},
   type = {Conference Proceedings}
}

@article{RN1001,
   author = {Liu, Junying and Cao, Xianbin and Li, Yan and Zhang, Baochang},
   title = {Online multi-object tracking using hierarchical constraints for complex scenarios},
   journal = {IEEE Transactions on Intelligent Transportation Systems},
   volume = {19},
   number = {1},
   pages = {151-161},
   ISSN = {1524-9050},
   year = {2017},
   type = {Journal Article}
}

@article{RN994,
   author = {Lv, Jingyi and Li, Zhiyong and Nai, Ke and Chen, Ying and Yuan, Jin},
   title = {Person re-identification with expanded neighborhoods distance re-ranking},
   journal = {Image and Vision Computing},
   volume = {95},
   pages = {103875},
   year = {2020},
   type = {Journal Article}
}

@article{RN437,
   author = {Maaten, Laurens van der and Hinton, Geoffrey},
   title = {Visualizing data using t-SNE},
   journal = {Journal of machine learning research},
   volume = {9},
   number = {Nov},
   pages = {2579-2605},
   year = {2008},
   type = {Journal Article}
}

@article{mclaughlin2016recurrent,
	title={Recurrent Convolutional Network for Video-Based Person Re-identification},
	author={McLaughlin, Niall and Rinc√≥n, Mart√≠nez del Jes√∫s and Miller, C. Paul},
	journal={CVPR},
	pages={1325--1334},
	year={2016}
}

@article{mclaughlin2016recurrent,
	title={Recurrent Convolutional Network for Video-Based Person Re-identification},
	author={McLaughlin, Niall and Rinc√≥n, Mart√≠nez del Jes√∫s and Miller, C. Paul},
	journal={CVPR},
	pages={1325--1334},
	year={2016}
}

@inproceedings{RN976,
   author = {Mclaughlin, Niall and Rincon, Jesus Martinez Del and Miller, Paul},
   title = {Recurrent Convolutional Network for Video-based Person Re-Identification},
   booktitle = {2016 IEEE Conference on Computer Vision and Pattern Recognition (CVPR)},
   type = {Conference Proceedings}
}

@article{RN583,
   author = {Milan, Anton and Leal-Taixe, Laura and Reid, Ian and Roth, Stefan and Schindler, Konrad},
   title = {MOT16: A Benchmark for Multi-Object Tracking},
   year = {2016},
   type = {Journal Article}
}

@article{RN717,
   author = {Nai, Ke and Li, Zhiyong and Li, Guiji and Wang, Shanquan},
   title = {Robust object tracking via local sparse appearance model},
   journal = {IEEE Transactions on Image Processing},
   volume = {27},
   number = {10},
   pages = {4958-4970},
   ISSN = {1057-7149},
   year = {2018},
   type = {Journal Article}
}

@article{RN1212,
   author = {Nai, Ke and Xiao, Degui and Li, Zhiyong and Jiang, Shilong and Gu, Yu},
   title = {Multi-pattern correlation tracking},
   journal = {Knowledge-Based Systems},
   volume = {181},
   pages = {104789},
   ISSN = {0950-7051},
   year = {2019},
   type = {Journal Article}
}

@article{RN977,
   author = {Ng, Joe Yue-Hei and Hausknecht, Matthew and Vijayanarasimhan, Sudheendra and Vinyals, Oriol and Monga, Rajat and Toderici, George},
   title = {Beyond Short Snippets: Deep Networks for Video Classification},
   journal = {Computer Science},
   year = {2015},
   type = {Journal Article}
}

@article{paszke2019pytorch,
	title={PyTorch - An Imperative Style, High-Performance Deep Learning Library},
	author={Paszke, Adam and Gross, Sam and Massa, Francisco and Lerer, Adam and Bradbury, James and Chanan, Gregory and Killeen, Trevor and Lin, Zeming and Gimelshein, Natalia and Antiga, Luca and Desmaison, Alban and K√∂pf, Andreas and Yang, Edward and DeVito, Zachary and Raison, Martin and Tejani, Alykhan and Chilamkurthy, Sasank and Steiner, Benoit and Fang, Lu and Bai, Junjie and Chintala, Soumith},
	journal={NeurIPS},
	pages={8024--8035},
	year={2019}
}


@inproceedings{RN669,
   author = {Paszke, Adam and Gross, Sam and Massa, Francisco and Lerer, Adam and Bradbury, James and Chanan, Gregory and Killeen, Trevor and Lin, Zeming and Gimelshein, Natalia and Antiga, Luca},
   title = {PyTorch: An imperative style, high-performance deep learning library},
   booktitle = {Advances in Neural Information Processing Systems (NIPS, 2019)},
   pages = {8024-8035},
   type = {Conference Proceedings}
}

@article{ren2017faster,
	title={Faster R-CNN: Towards Real-Time Object Detection with Region Proposal Networks},
	author={Ren, Shaoqing and He, Kaiming and Girshick, B. Ross and Sun, Jian},
	journal={IEEE Trans. Pattern Anal. Mach. Intell.},
	pages={1137--1149},
	year={2017}
}

@inproceedings{RN31,
   author = {Ren, Shaoqing and He, Kaiming and Girshick, Ross and Sun, Jian},
   title = {Faster R-CNN: towards real-time object detection with region proposal networks},
   booktitle = {International Conference on Neural Information Processing Systems (NIPS 2015)},
   pages = {91-99},
   type = {Conference Proceedings}
}

@article{ristani2016performance,
	title={Performance Measures and a Data Set for Multi-Target, Multi-Camera Tracking},
	author={Ristani, Ergys and Solera, Francesco and Zou, S. Roger and Cucchiara, Rita and Tomasi, Carlo},
	journal={ECCV Workshops},
	year={2016}
}

@inproceedings{RN457,
   author = {Ristani, Ergys and Solera, Francesco and Zou, Roger and Cucchiara, Rita and Tomasi, Carlo},
   title = {Performance measures and a data set for multi-target, multi-camera tracking},
   booktitle = {European Conference on Computer Vision (ECCV, 2016)},
   publisher = {Springer},
   pages = {17-35},
   type = {Conference Proceedings}
}

@article{romero2015fitnets,
	title={FitNets: Hints for Thin Deep Nets},
	author={Romero, Adriana and Ballas, Nicolas and Kahou, Ebrahimi Samira and Chassang, Antoine and Gatta, Carlo and Bengio, Yoshua},
	journal={international conference on learning representations},
	year={2015}
}

@article{RN981,
   author = {Romero, Adriana and Ballas, Nicolas and Kahou, Ebrahimi Samira and Chassang, Antoine and Gatta, Carlo and Bengio, Yoshua},
   title = {FitNets: Hints for Thin Deep Nets},
   journal = {international conference on learning representations},
   year = {2015},
   type = {Journal Article}
}

@article{RN991,
   author = {Russakovsky, Olga and Deng, Jia and Su, Hao and Krause, Jonathan and Satheesh, Sanjeev and Ma, Sean and Huang, Zhiheng and Karpathy, Andrej and Khosla, Aditya and Bernstein, S. Michael and Berg, C. Alexander and Fei-Fei, Li},
   title = {ImageNet Large Scale Visual Recognition Challenge},
   journal = {International Journal of Computer Vision},
   year = {2015},
   type = {Journal Article}
}

@article{RN455,
   author = {Sadeghian, Amir and Alahi, Alexandre and Savarese, Silvio},
   title = {Tracking the untrackable: Learning to track multiple cues with long-term dependencies},
   journal = {arXiv preprint arXiv:1701.01909},
   volume = {4},
   number = {5},
   pages = {6},
   year = {2017},
   type = {Journal Article}
}

@article{RN988,
   author = {Schaefer, Scott and McPhail, Travis and Warren, D. Joe},
   title = {Image deformation using moving least squares},
   journal = {ACM Trans. Graph.},
   pages = {533-540},
   year = {2006},
   type = {Journal Article}
}

@article{RN550,
   author = {Sheng, Hao and Chen, Jiahui and Zhang, Yang and Ke, Wei and Xiong, Zhang and Yu, Jingyi},
   title = {Iterative Multiple Hypothesis Tracking with Tracklet-level Association},
   journal = {IEEE Transactions on Circuits and Systems for Video Technology},
   ISSN = {1051-8215},
   year = {2018},
   type = {Journal Article}
}

@article{RN985,
   author = {Sun, Yifan and Zheng, Liang and Yang, Yi and Tian, Qi and Wang, Shengjin},
   title = {Beyond Part Models: Person Retrieval with Refined Part Pooling},
   journal = {arXiv: Computer Vision and Pattern Recognition},
   year = {2017},
   type = {Journal Article}
}

@article{tang2017multiple,
	title={Multiple People Tracking by Lifted Multicut and Person Re-identification},
	author={Tang, Siyu and Andriluka, Mykhaylo and Andres, Bjoern and Schiele, Bernt},
	journal={CVPR},
	pages={3701--3710},
	year={2017}
}

@article{tang2017multiple,
	title={Multiple People Tracking by Lifted Multicut and Person Re-identification},
	author={Tang, Siyu and Andriluka, Mykhaylo and Andres, Bjoern and Schiele, Bernt},
	journal={CVPR},
	pages={3701--3710},
	year={2017}
}

@inproceedings{RN972,
   author = {Tang, Siyu and Andriluka, Mykhaylo and Andres, Bjoern and Schiele, Bernt},
   title = {Multiple People Tracking by Lifted Multicut and Person Re-identification},
   booktitle = {CVPR, 2017},
   type = {Conference Proceedings}
}

@article{RN1000,
   author = {Tian, Wei and Lauer, Martin and Chen, Long},
   title = {Online multi-object tracking using joint domain information in traffic scenarios},
   journal = {IEEE Transactions on Intelligent Transportation Systems},
   volume = {21},
   number = {1},
   pages = {374-384},
   ISSN = {1524-9050},
   year = {2019},
   type = {Journal Article}
}

@article{RN978,
   author = {Tran, Du and Bourdev, Lubomir and Fergus, Rob and Torresani, Lorenzo and Paluri, Manohar},
   title = {Learning spatiotemporal features with 3D convolutional networks},
   year = {2015},
   type = {Journal Article}
}

@article{RN1004,
   author = {Wang, Haidong and Wang, Saizhou and Lv, Jingyi and Hu, Chenming and Li, Zhiyong},
   title = {Non-local attention association scheme for online multi-object tracking},
   journal = {Image and Vision Computing},
   pages = {103983},
   ISSN = {0262-8856},
   year = {2020},
   type = {Journal Article}
}

@article{RN580,
	title={Non-local Neural Networks},
	author={Wang, Xiaolong and Girshick, B. Ross and Gupta, Abhinav and He, Kaiming},
	journal={CVPR},
	year={2018}
}


@article{xu2019spatial-temporal,
	title={Spatial-Temporal Relation Networks for Multi-Object Tracking},
	author={Xu, Jiarui and Cao, Yue and Zhang, Zheng and Hu, Han},
	journal={International Conference on Computer Vision},
	pages={3988--3998},
	year={2019}
}

@inproceedings{RN999,
   author = {Xu, Jiarui and Cao, Yue and Zhang, Zheng and Hu, Han},
   title = {Spatial-temporal relation networks for multi-object tracking},
   booktitle = {Proceedings of the IEEE International Conference on Computer Vision (CVPR, 2019)},
   pages = {3988-3998},
   type = {Conference Proceedings}
}

@article{RN89,
   author = {Xu, Wei and Xu, Wei and Yang, Ming and Yu, Kai},
   title = {3D Convolutional Neural Networks for Human Action Recognition},
   journal = {IEEE Transactions on Pattern Analysis \& Machine Intelligence},
   volume = {35},
   number = {1},
   pages = {221-231},
   year = {2012},
   type = {Journal Article}
}

@article{yang2016exploit,
	title={Exploit All the Layers: Fast and Accurate CNN Object Detector with Scale Dependent Pooling and Cascaded Rejection Classifiers},
	author={Yang, Fan and Choi, Wongun and Lin, Yuanqing},
	journal={CVPR},
	pages={2129--2137},
	year={2016}
}

@inproceedings{RN585,
   author = {Yang, Fan and Choi, Wongun and Lin, Yuanqing},
   title = {Exploit All the Layers: Fast and Accurate CNN Object Detector with Scale Dependent Pooling and Cascaded Rejection Classifiers},
   booktitle = {2016 IEEE Conference on Computer Vision and Pattern Recognition (CVPR)},
   type = {Conference Proceedings}
}

@article{junbo2020a,
	title={A Unified Object Motion and Affinity Model for Online Multi-Object
	Tracking},
	author={Junbo, Yin and Wenguan, Wang and Qinghao, Meng and Ruigang, Yang and Jianbing, Shen},
	journal={CVPR},
	pages={6767--6776},
	year={2020}
}


@inproceedings{RN1211,
   author = {Yin, Junbo and Wang, Wenguan and Meng, Qinghao and Yang, Ruigang and Shen, Jianbing},
   title = {A Unified Object Motion and Affinity Model for Online Multi-Object Tracking},
   booktitle = {Proceedings of the IEEE/CVF Conference on Computer Vision and Pattern Recognition},
   pages = {6768-6777},
   type = {Conference Proceedings}
}

@article{RN986,
   author = {You, Jinjie and Wu, Ancong and Li, Xiang and Zheng, Wei-Shi},
   title = {Top-Push Video-Based Person Re-identification},
   journal = {CVPR},
   pages = {1345-1353},
   year = {2016},
   type = {Journal Article}
}

@article{RN969,
   author = {Zhang, Dongyu and Wu, Wenxi and Cheng, Hui and Zhang, Ruimao and Dong, Zhenjiang and Cai, Zhaoquan},
   title = {Image-to-Video Person Re-Identification With Temporally Memorized Similarity Learning},
   journal = {IEEE Trans. Circuits Syst. Video Techn.},
   pages = {2622-2632},
   year = {2018},
   type = {Journal Article}
}

@article{RN973,
   author = {Zhang, Li and Li, Yuan and Nevatia, Ramakant},
   title = {Global data association for multi-object tracking using network flows},
   journal = {CVPR},
   pages = {1-8},
   year = {2008},
   type = {Journal Article}
}

@article{RN984,
   author = {Zhang, Xuan and Luo, Hao and Fan, Xing and Xiang, Weilai and Sun, Yixiao and Xiao, Qiqi and Jiang, Wei and Zhang, Chi and Sun, Jian},
   title = {AlignedReID: Surpassing Human-Level Performance in Person Re-Identification},
   year = {2017},
   journal={Computer Vision and Pattern Recognition}
   type = {Journal Article}
}

@article{RN983,
   author = {Zhang, Ying and Xiang, Tao and Hospedales, M. Timothy and Lu, Huchuan},
   title = {Deep Mutual Learning},
   journal = {CVPR},
   year = {2018},
   type = {Journal Article}
}

@article{RN990,
   author = {Zheng, Liang and Shen, Liyue and Tian, Lu and Wang, Shengjin and Wang, Jingdong and Tian, Qi},
   title = {Scalable Person Re-Identification: A Benchmark},
   journal = {ICCV},
   year = {2015},
   type = {Journal Article}
}

@article{RN974,
   author = {Zheng, Yunmei and Shi, Zhiguo and Lu, Rongxing and Hong, Shaohua and Shen, Xuemin},
   title = {An Efficient Data-Driven Particle PHD Filter for Multitarget Tracking},
   journal = {IEEE Trans. Industrial Informatics},
   pages = {2318-2326},
   year = {2012},
   type = {Journal Article}
}

@article{RN970,
   author = {Zhu, Xiaoke and Jing, Xiao-Yuan and Wu, Fei and Wang, Yunhong and Zuo, Wangmeng and Zheng, Wei-Shi},
   title = {Learning Heterogeneous Dictionary Pair with Feature Projection Matrix for Pedestrian Video Retrieval via Single Query Image},
   journal = {AAAI},
   pages = {4341-4348},
   year = {2017},
   type = {Journal Article}
}

