% Encoding: UTF-8

@article{dendorfer2019cvpr19,
	title={CVPR19 Tracking and Detection Challenge: How crowded can it get?},
	author={Dendorfer, Patrick and Rezatofighi, Hamid Seyed and Milan, Anton and Shi, Javen and Cremers, Daniel and Reid, D. Ian and Roth, Stefan and Schindler, Konrad and Leal-Taixeacute;, Laura},
	journal={CoRR},
	year={2019}
}

@article{taix2015motchallenge,
	title={MOTChallenge 2015: Towards a Benchmark for Multi-Target Tracking},
	author={Leal-Taixé, Laura and Milan, Anton and Reid, D. Ian and Roth, Stefan and Schindler, Konrad},
	journal={CoRR},
	year={2015}
}

@article{welch1995introduction,
	title={An introduction to the Kalman filter},
	author={Welch, Greg and Bishop, Gary and others},
	year={1995},
	publisher={Chapel Hill, NC, USA}
}

@inproceedings{luo2020strong,
	title={A Strong Baseline for Multiple Object Tracking on VidOR Dataset},
	author={Luo, Zhipeng and Zhang, Zhiguang and Yao, Yuehan},
	booktitle={Proceedings of the 28th ACM International Conference on Multimedia},
	pages={4595--4599},
	year={2020}
}

@inproceedings{zhou2020tracking,
	title={Tracking objects as points},
	author={Zhou, Xingyi and Koltun, Vladlen and Kr{\"a}henb{\"u}hl, Philipp},
	booktitle={European Conference on Computer Vision},
	pages={474--490},
	year={2020},
	organization={Springer}
}

@inproceedings{gu2019temporal,
	title={Temporal knowledge propagation for image-to-video person re-identification},
	author={Gu, Xinqian and Ma, Bingpeng and Chang, Hong and Shan, Shiguang and Chen, Xilin},
	booktitle={Proceedings of the IEEE/CVF International Conference on Computer Vision},
	pages={9647--9656},
	year={2019}
}

@article{xu2021exploring,
	title={Exploring Image Enhancement for Salient Object Detection in Low Light Images},
	author={Xu, Xin and Wang, Shiqin and Wang, Zheng and Zhang, Xiaolong and Hu, Ruimin},
	journal={ACM Transactions on Multimedia Computing, Communications, and Applications (TOMM)},
	volume={17},
	number={1s},
	pages={1--19},
	year={2021},
	publisher={ACM New York, NY}
}

@article{RN1215,
	author = {Li, Zhiyong and Nai, Ke and Li, Guiji and Jiang, Shilong},
	title = {Learning a Dynamic Feature Fusion Tracker for Object Tracking},
	journal = {IEEE Transactions on Intelligent Transportation Systems},
	ISSN = {1524-9050},
	year = {2020},
	type = {Journal Article}
}


@article{an2021multitarget,
	title={Multitarget tracking using Siamese neural networks},
	author={An, Na and Qi Yan, Wei},
	journal={ACM Transactions on Multimidia Computing Communications and Applications},
	volume={17},
	number={2s},
	pages={1--16},
	year={2021},
	publisher={ACM New York, NY}
}


@article{dynamic_fusion,
	author = {Li, Zhiyong and Nai, Ke and Li, Guiji and Jiang, Shilong},
	year = {2020},
	month = {10},
	pages = {1-13},
	title = {Learning a Dynamic Feature Fusion Tracker for Object Tracking},
	volume = {PP},
	journal = {IEEE Transactions on Intelligent Transportation Systems},
	doi = {10.1109/TITS.2020.3027521}
}

@article{weight_sparse,
	title={Robust object tracking via weight-based local sparse appearance model},
	author={Li, Zhiyong and Wang, Dongming and Nai, Ke and Shen, Tong and Zeng, Ying},
	journal={ICNC-FSKD},
	pages={560--565},
	year={2016}
}

@article{local_sparse,
	title={Robust Object Tracking via Local Sparse Appearance Model},
	author={Nai, Ke and Li, Zhiyong and Li, Guiji and Wang, Shanquan},
	journal={IEEE Transactions on Image Processing},
	pages={4958--4970},
	year={2018}
}

@article{multi_pattern,
	title={Multi-pattern correlation tracking},
	author={Nai, Ke and Xiao, Degui and Li, Zhiyong and Jiang, Shilong and Gu, Yu},
	journal={Knowl.-Based Syst.},
	year={2019}
}

@article{memory_improved,
	title={Multi-view correlation tracking with adaptive memory-improved update model},
	author={Li, Guiji and Peng, Manman and Nai, Ke and Li, Zhiyong and Li, Keqin},
	journal={Neural Computing and Applications},
	pages={9047--9063},
	year={2019}
}

@article{expanded_re,
	title={Person re-identification with expanded neighborhoods distance re-ranking},
	author={Lv, Jingyi and Li, Zhiyong and Nai, Ke and Chen, Ying and Yuan, Jin},
	journal={Image and Vision Computing},
	year={2020}
}

@article{k_reciprocal,
	title={Person re-identification based on re-ranking with expanded k-reciprocal nearest neighbors},
	author={Chen, Ying and Yuan, Jin and Li, Zhiyong and Wu, Yiqiang and Nouioua, Mourad and Xie, Guoqi},
	journal={J. Visual Communication and Image Representation},
	pages={486--494},
	year={2019}
}

@article{nonlocal_association,
	author = {Wang, Haidong and Wang, Saizhou and Lv, Jingyi and Hu, Chenming and Li, Zhiyong},
	title = {Non-local attention association scheme for online multi-object tracking},
	journal = {Image and Vision Computing},
	pages = {103983},
	ISSN = {0262-8856},
	year = {2020},
	type = {Journal Article}
}



@article{hadamard,
	title={Hadamard Product for Low-rank Bilinear Pooling},
	author={Kim, Jin-Hwa and On, Woon Kyoung and Kim, Jeonghee and Ha, JungWoo and Zhang, Byoung-Tak},
	journal={ICLR},
	year={2017}
}


@article{clear,
	title={Evaluating multiple object tracking performance: the CLEAR MOT metrics},
	author={Bernardin, Keni and Stiefelhagen, Rainer},
	journal={EURASIP J. Image and Video Processing},
	pages={ArticleNo.1--ArticleNo.1},
	year={2008}
}

@article{auto_driving,
	title={Are we ready for autonomous driving? The KITTI vision benchmark suite},
	author={Geiger, Andreas and Lenz, Philip and Urtasun, Raquel},
	journal={Computer Vision and Pattern Recognition},
	pages={3354--3361},
	year={2012}
}

@article{sdp,
	title={Exploit All the Layers: Fast and Accurate CNN Object Detector with Scale Dependent Pooling and Cascaded Rejection Classifiers},
	author={Yang, Fan and Choi, Wongun and Lin, Yuanqing},
	journal={CVPR},
	pages={2129--2137},
	year={2016}
}


@article{dpm,
	title={Object Detection with Discriminatively Trained Part-Based Models},
	author={Forsyth, David},
	journal={IEEE Computer},
	pages={6--7},
	year={2014}
}

@article{inception,
	title={Rethinking the Inception Architecture for Computer Vision},
	author={szegedy, christian and vanhoucke, vincent and ioffe, sergey and shlens, jonathon and wojna, zbigniew},
	journal={CVPR},
	year={2016}
}

@article{train_mot,
	title={How to Train Your Deep Multi-Object Tracker},
	author={Xu, Yihong and Osep, Aljosa and Ban, Yutong and Horaud, Radu and Leal-Taixé, Laura and Alameda-Pineda, Xavier},
	journal={CVPR},
	pages={6786--6795},
	year={2020}
}

@article{gm_phd,
	title={Multi-Level Cooperative Fusion of GM-PHD Filters for Online Multiple Human Tracking},
	author={Fu, Zeyu and Angelini, Federico and Chambers, Jonathon and Naqvi, Mohsen Syed},
	journal={IEEE Transactions on Multimedia},
	pages={1--1},
	year={2019}
}

@article{dual_matching,
	title={Online Multi-Object Tracking with Dual Matching Attention Networks},
	author={Zhu, Ji and Yang, Hua and Liu, Nian and Kim, Minyoung and Zhang, Wenjun and Yang, Ming-Hsuan},
	journal={ECCV},
	pages={379--396},
	year={2018}
}

@article{deformable,
	title={Deformable Convolutional Networks},
	author={Dai, Jifeng and Qi, Haozhi and Xiong, Yuwen and Li, Yi and Zhang, Guodong and Hu, Han and Wei, Yichen},
	journal={ICCV},
	year={2017}
}


@article{deep_sort,
	title={Simple Online and Realtime Tracking with a Deep Association Metric},
	author={Wojke, Nicolai and Bewley, Alex and Paulus, Dietrich},
	journal={ICIP},
	year={2017}
}

@article{jde,
	title={Towards real-time multi-object tracking},
	author={Wang, Zhongdao and Zheng, Liang and Liu, Yixuan and Li, Yali and Wang, Shengjin},
	booktitle={Computer Vision--ECCV 2020: 16th European Conference, Glasgow, UK, August 23--28, 2020, Proceedings, Part XI 16},
	pages={107--122},
	year={2020},
	organization={Springer}
}

@article{bae2017confidence,
   author = {Bae, Seung-Hwan and Yoon, Kuk-Jin},
   title = {Confidence-Based Data Association and Discriminative Deep Appearance Learning for Robust Online Multi-Object Tracking},
   journal = {IEEE Transactions on Pattern Analysis and Machine Intelligence},
   pages = {1-1},
   year = {2018},
   type = {Journal Article}
}

@inproceedings{tracktor,
	title={Tracking without bells and whistles},
	author={Bergmann, Philipp and Meinhardt, Tim and Leal-Taixe, Laura},
	booktitle={Proceedings of the IEEE/CVF International Conference on Computer Vision},
	pages={941--951},
	year={2019}
}

@article{bernardin2008evaluating,
   author = {Bernardin, Keni and Stiefelhagen, Rainer},
   title = {Evaluating multiple object tracking performance: the CLEAR MOT metrics},
   journal = {Journal on Image and Video Processing},
   volume = {2008},
   pages = {1},
   ISSN = {1687-5176},
   year = {2008},
   type = {Journal Article}
}

@inproceedings{bewley2016simple,
   author = {Bewley, Alex and Ge, Zongyuan and Ott, Lionel and Ramos, Fabio and Upcroft, Ben},
   title = {Simple online and realtime tracking},
   booktitle = {2016 IEEE International Conference on Image Processing (ICIP)},
   publisher = {IEEE},
   pages = {3464-3468},
   ISBN = {1467399612},
   year = {2016},
   type = {Conference Proceedings}
}

@inproceedings{bolme2010visual,
   author = {Bolme, David S and Beveridge, J Ross and Draper, Bruce A and Lui, Yui Man},
   title = {Visual object tracking using adaptive correlation filters},
   booktitle = {2010 IEEE computer society conference on computer vision and pattern recognition},
   publisher = {IEEE},
   pages = {2544-2550},
   ISBN = {1424469856},
   year = {2010},
   type = {Conference Proceedings}
}

@inproceedings{cai2018cascade,
   author = {Cai, Zhaowei and Vasconcelos, Nuno},
   title = {Cascade r-cnn: Delving into high quality object detection},
   booktitle = {Proceedings of the IEEE conference on computer vision and pattern recognition},
   pages = {6154-6162},
   year = {2018},
   type = {Conference Proceedings}
}

@inproceedings{chen2017online,
   author = {Chen, Long and Ai, Haizhou and Shang, Chong and Zhuang, Zijie and Bai, Bo},
   title = {Online multi-object tracking with convolutional neural networks},
   booktitle = {2017 IEEE International Conference on Image Processing (ICIP)},
   publisher = {IEEE},
   pages = {645-649},
   ISBN = {1509021752},
   year = {2017},
   type = {Conference Proceedings}
}

@inproceedings{famnet,
	title={Famnet: Joint learning of feature, affinity and multi-dimensional assignment for online multiple object tracking},
	author={Chu, Peng and Ling, Haibin},
	booktitle={Proceedings of the IEEE/CVF International Conference on Computer Vision},
	pages={6172--6181},
	year={2019}
}

@article{dendorfer2019cvpr19,
   author = {Dendorfer, Patrick and Rezatofighi, Hamid and Milan, Anton and Shi, Javen and Cremers, Daniel and Reid, Ian and Roth, Stefan and Schindler, Konrad and Leal-Taixe, Laura},
   title = {CVPR19 Tracking and Detection Challenge: How crowded can it get?},
   journal = {arXiv preprint arXiv:1906.04567},
   year = {2019},
   type = {Journal Article}
}

@inproceedings{dollar2009pedestrian,
   author = {Dollár, Piotr and Wojek, Christian and Schiele, Bernt and Perona, Pietro},
   title = {Pedestrian detection: A benchmark},
   booktitle = {2009 IEEE Conference on Computer Vision and Pattern Recognition},
   publisher = {IEEE},
   pages = {304-311},
   ISBN = {1424439922},
   year = {2009},
   type = {Conference Proceedings}
}

@inproceedings{duan2019centernet,
   author = {Duan, Kaiwen and Bai, Song and Xie, Lingxi and Qi, Honggang and Huang, Qingming and Tian, Qi},
   title = {Centernet: Keypoint triplets for object detection},
   booktitle = {Proceedings of the IEEE International Conference on Computer Vision},
   pages = {6569-6578},
   year = {2019},
   type = {Conference Proceedings}
}

@inproceedings{ess2008mobile,
   author = {Ess, Andreas and Leibe, Bastian and Schindler, Konrad and Van Gool, Luc},
   title = {A mobile vision system for robust multi-person tracking},
   booktitle = {2008 IEEE Conference on Computer Vision and Pattern Recognition},
   publisher = {IEEE},
   pages = {1-8},
   ISBN = {1424422426},
   year = {2008},
   type = {Conference Proceedings}
}

@inproceedings{fang2018recurrent,
   author = {Fang, Kuan and Xiang, Yu and Li, Xiaocheng and Savarese, Silvio},
   title = {Recurrent autoregressive networks for online multi-object tracking},
   booktitle = {2018 IEEE Winter Conference on Applications of Computer Vision (WACV)},
   publisher = {IEEE},
   pages = {466-475},
   ISBN = {1538648865},
   year = {2018},
   type = {Conference Proceedings}
}

@article{feng2019multi,
   author = {Feng, Weitao and Hu, Zhihao and Wu, Wei and Yan, Junjie and Ouyang, Wanli},
   title = {Multi-Object Tracking with Multiple Cues and Switcher-Aware Classification},
   journal = {arXiv: Computer Vision and Pattern Recognition},
   year = {2019},
   type = {Journal Article}
}

@article{he2017mask,
   author = {He, Kaiming and Gkioxari, Georgia and Dollar, Piotr and Girshick, Ross},
   title = {Mask R-CNN},
   journal = {IEEE Transactions on Pattern Analysis \& Machine Intelligence},
   volume = {PP},
   number = {99},
   pages = {1-1},
   year = {2017},
   type = {Journal Article}
}

@inproceedings{resnet,
   author = {He, Kaiming and Zhang, Xiangyu and Ren, Shaoqing and Sun, Jian},
   title = {Deep residual learning for image recognition},
   booktitle = {Proceedings of the IEEE conference on computer vision and pattern recognition (CVPR, 2016)},
   pages = {770-778},
   year = {2016},
   type = {Conference Proceedings}
}

@article{kernelized,
   author = {Henriques, João F and Caseiro, Rui and Martins, Pedro and Batista, Jorge},
   title = {High-speed tracking with kernelized correlation filters},
   journal = {IEEE transactions on pattern analysis and machine intelligence},
   volume = {37},
   number = {3},
   pages = {583-596},
   ISSN = {0162-8828},
   year = {2014},
   type = {Journal Article}
}

@inproceedings{henschel2019multiple,
   author = {Henschel, Roberto and Zou, Yunzhe and Rosenhahn, Bodo},
   title = {Multiple people tracking using body and joint detections},
   booktitle = {Proceedings of the IEEE Conference on Computer Vision and Pattern Recognition Workshops},
   pages = {0-0},
   year = {2019},
   type = {Conference Proceedings}
}

@inproceedings{kendall2018multi,
   author = {Kendall, Alex and Gal, Yarin and Cipolla, Roberto},
   title = {Multi-task learning using uncertainty to weigh losses for scene geometry and semantics},
   booktitle = {Proceedings of the IEEE conference on computer vision and pattern recognition},
   pages = {7482-7491},
   year = {2018},
   type = {Conference Proceedings}
}

@inproceedings{kokkinos2017ubernet,
   author = {Kokkinos, Iasonas},
   title = {Ubernet: Training a universal convolutional neural network for low-, mid-, and high-level vision using diverse datasets and limited memory},
   booktitle = {Proceedings of the IEEE Conference on Computer Vision and Pattern Recognition},
   pages = {6129-6138},
   year = {2017},
   type = {Conference Proceedings}
}

@article{kuhn1955hungarian,
   author = {Kuhn, Harold W},
   title = {The Hungarian method for the assignment problem},
   journal = {Naval research logistics quarterly},
   volume = {2},
   number = {1‐2},
   pages = {83-97},
   ISSN = {0028-1441},
   year = {1955},
   type = {Journal Article}
}

@inproceedings{cornernet,
   author = {Law, Hei and Deng, Jia},
   title = {Cornernet: Detecting objects as paired keypoints},
   booktitle = {Proceedings of the European Conference on Computer Vision (ECCV)},
   pages = {734-750},
   year = {2018},
   type = {Conference Proceedings}
}

@article{leal2015motchallenge,
   author = {Leal-Taixé, Laura and Milan, Anton and Reid, Ian and Roth, Stefan and Schindler, Konrad},
   title = {Motchallenge 2015: Towards a benchmark for multi-target tracking},
   journal = {arXiv preprint arXiv:1504.01942},
   year = {2015},
   type = {Journal Article}
}

@inproceedings{fpn,
   author = {Lin, Tsung-Yi and Dollár, Piotr and Girshick, Ross and He, Kaiming and Hariharan, Bharath and Belongie, Serge},
   title = {Feature pyramid networks for object detection},
   booktitle = {Proceedings of the IEEE conference on computer vision and pattern recognition},
   pages = {2117-2125},
   year = {2017},
   type = {Conference Proceedings}
}

@inproceedings{lin2017focal,
   author = {Lin, Tsung-Yi and Goyal, Priya and Girshick, Ross and He, Kaiming and Dollár, Piotr},
   title = {Focal loss for dense object detection},
   booktitle = {Proceedings of the IEEE international conference on computer vision},
   pages = {2980-2988},
   year = {2017},
   type = {Conference Proceedings}
}

@inproceedings{lin2014microsoft,
   author = {Lin, Tsung-Yi and Maire, Michael and Belongie, Serge and Hays, James and Perona, Pietro and Ramanan, Deva and Dollár, Piotr and Zitnick, C Lawrence},
   title = {Microsoft coco: Common objects in context},
   booktitle = {European conference on computer vision},
   publisher = {Springer},
   pages = {740-755},
   year = {2014},
   type = {Conference Proceedings}
}

@inproceedings{Liu2016,
   author = {Liu, Wei and Anguelov, Dragomir and Erhan, Dumitru and Szegedy, Christian and Reed, Scott and Fu, Cheng-Yang and Berg, Alexander C},
   title = {Ssd: Single shot multibox detector},
   booktitle = {European conference on computer vision},
   publisher = {Springer},
   pages = {21-37},
   year = {2016},
   type = {Conference Proceedings}
}

@inproceedings{chen2018real,
   author = {Long, Chen and Haizhou, Ai and Zijie, Zhuang and Chong, Shang},
   title = {Real-time multiple people tracking with deeply learned candidate selection and person re-identification},
   booktitle = {ICME},
   volume = {5},
   pages = {8},
   year = {2018},
   type = {Conference Proceedings}
}

@inproceedings{Lyu2017,
   author = {Lyu, Siwei and Chang, Ming-Ching and Du, Dawei and Li, Wenbo and Wei, Yi and Del Coco, Marco and Carcagnì, Pierluigi and Schumann, Arne and Munjal, Bharti and Choi, Doo-Hyun},
   title = {UA-DETRAC 2018: Report of AVSS2018 \& IWT4S challenge on advanced traffic monitoring},
   booktitle = {2018 15th IEEE International Conference on Advanced Video and Signal Based Surveillance (AVSS)},
   publisher = {IEEE},
   pages = {1-6},
   ISBN = {1538692945},
   year = {2018},
   type = {Conference Proceedings}
}

@article{maaten2008visualizing,
   author = {Maaten, Laurens van der and Hinton, Geoffrey},
   title = {Visualizing data using t-SNE},
   journal = {Journal of machine learning research},
   volume = {9},
   number = {Nov},
   pages = {2579-2605},
   year = {2008},
   type = {Journal Article}
}

@article{mahmoudi2019multi,
   author = {Mahmoudi, Nima and Ahadi, Seyed Mohammad and Rahmati, Mohammad},
   title = {Multi-target tracking using CNN-based features: CNNMTT},
   journal = {Multimedia Tools and Applications},
   volume = {78},
   number = {6},
   pages = {7077-7096},
   ISSN = {1380-7501},
   year = {2019},
   type = {Journal Article}
}

@article{mot16,
   author = {Milan, Anton and Leal-Taixe, Laura and Reid, Ian and Roth, Stefan and Schindler, Konrad},
   title = {MOT16: A Benchmark for Multi-Object Tracking},
   year = {2016},
   type = {Journal Article}
}

@article{Munkres1957,
	title={Algorithms for the Assignment and Transportation Problems},
	author={Munkres and James},
	journal={Journal of The Society for Industrial and Applied Mathematics},
	year={2006},
	volume = {5},
	number = {1},
	pages = {32-38},
	type = {Journal Article}
}


@inproceedings{pytorch,
   author = {Paszke, Adam and Gross, Sam and Massa, Francisco and Lerer, Adam and Bradbury, James and Chanan, Gregory and Killeen, Trevor and Lin, Zeming and Gimelshein, Natalia and Antiga, Luca},
   title = {PyTorch: An imperative style, high-performance deep learning library},
   booktitle = {Advances in Neural Information Processing Systems (NIPS, 2019)},
   pages = {8024-8035},
   year = {2019},
   type = {Conference Proceedings}
}

@article{ranjan2017hyperface,
   author = {Ranjan, Rajeev and Patel, Vishal M and Chellappa, Rama},
   title = {Hyperface: A deep multi-task learning framework for face detection, landmark localization, pose estimation, and gender recognition},
   journal = {IEEE Transactions on Pattern Analysis and Machine Intelligence},
   volume = {41},
   number = {1},
   pages = {121-135},
   ISSN = {0162-8828},
   year = {2017},
   type = {Journal Article}
}

@article{redmon2018yolov3,
   author = {Redmon, Joseph and Farhadi, Ali},
   title = {Yolov3: An incremental improvement},
   journal = {arXiv preprint arXiv:1804.02767},
   year = {2018},
   type = {Journal Article}
}

@inproceedings{faster,
   author = {Ren, Shaoqing and He, Kaiming and Girshick, Ross and Sun, Jian},
   title = {Faster R-CNN: towards real-time object detection with region proposal networks},
   booktitle = {International Conference on Neural Information Processing Systems (NIPS 2015)},
   pages = {91-99},
   year = {2015},
   type = {Conference Proceedings}
}

@inproceedings{ristani2016performance,
   author = {Ristani, Ergys and Solera, Francesco and Zou, Roger and Cucchiara, Rita and Tomasi, Carlo},
   title = {Performance measures and a data set for multi-target, multi-camera tracking},
   booktitle = {European Conference on Computer Vision (ECCV, 2016)},
   publisher = {Springer},
   pages = {17-35},
   year = {2016},
   type = {Conference Proceedings}
}

@inproceedings{sanchez2016online,
   author = {Sanchez-Matilla, Ricardo and Poiesi, Fabio and Cavallaro, Andrea},
   title = {Online multi-target tracking with strong and weak detections},
   booktitle = {European Conference on Computer Vision},
   publisher = {Springer},
   pages = {84-99},
   year = {2016},
   type = {Conference Proceedings}
}

@inproceedings{sener2018multi,
   author = {Sener, Ozan and Koltun, Vladlen},
   title = {Multi-task learning as multi-objective optimization},
   booktitle = {Advances in Neural Information Processing Systems},
   pages = {527-538},
   year = {2018},
   type = {Conference Proceedings}
}

@inproceedings{sun2019hrnet,
   author = {Sun, Ke and Xiao, Bin and Liu, Dong and Wang, Jingdong},
   title = {Deep High-Resolution Representation Learning for Human Pose Estimation},
   year = {2019},
   type = {Conference Proceedings}
}

@article{dan,
   author = {Sun, ShiJie and Akhtar, Naveed and Song, HuanSheng and Mian, Ajmal S and Shah, Mubarak},
   title = {Deep affinity network for multiple object tracking},
   journal = {IEEE transactions on pattern analysis and machine intelligence},
   ISSN = {0162-8828},
   year = {2019},
   type = {Journal Article}
}

@article{voigtlaender2019mots,
   author = {Voigtlaender, Paul and Krause, Michael and Osep, Aljosa and Luiten, Jonathon and Sekar, Balachandar Gnana Berin and Geiger, Andreas and Leibe, Bastian},
   title = {MOTS: Multi-Object Tracking and Segmentation},
   journal = {CVPR},
   pages = {7942-7951},
   year = {2019},
   type = {Journal Article}
}

@inproceedings{wan2018multi,
   author = {Wan, Xingyu and Wang, Jinjun and Kong, Zhifeng and Zhao, Qing and Deng, Shunming},
   title = {Multi-object tracking using online metric learning with long short-term memory},
   booktitle = {2018 25th IEEE International Conference on Image Processing (ICIP)},
   publisher = {IEEE},
   pages = {788-792},
   ISBN = {1479970611},
   year = {2018},
   type = {Conference Proceedings}
}

@article{wang2019deep,
   author = {Wang, Jingdong and Sun, Ke and Cheng, Tianheng and Jiang, Borui and Deng, Chaorui and Zhao, Yang and Liu, Dong and Mu, Yadong and Tan, Mingkui and Wang, Xinggang},
   title = {Deep high-resolution representation learning for visual recognition},
   journal = {IEEE transactions on pattern analysis and machine intelligence},
   ISSN = {0162-8828},
   year = {2020},
   type = {Journal Article}
}

@inproceedings{welch1995introduction,
   author = {Welch, Greg and Bishop, Gary},
   title = {An introduction to the Kalman filter},
   publisher = {Citeseer},
   year = {1995},
   type = {Conference Proceedings}
}

@inproceedings{xiang2015learning,
   author = {Xiang, Yu and Alahi, Alexandre and Savarese, Silvio},
   title = {Learning to Track: Online Multi-object Tracking by Decision Making},
   booktitle = {IEEE International Conference on Computer Vision},
   pages = {4705-4713},
   year = {2015},
   type = {Conference Proceedings}
}

@inproceedings{xiao2017joint,
   author = {Xiao, Tong and Li, Shuang and Wang, Bochao and Lin, Liang and Wang, Xiaogang},
   title = {Joint detection and identification feature learning for person search},
   booktitle = {Proceedings of the IEEE Conference on Computer Vision and Pattern Recognition},
   pages = {3415-3424},
   year = {2017},
   type = {Conference Proceedings}
}

@inproceedings{poi,
   author = {Yu, Fengwei and Li, Wenbo and Li, Quanquan and Liu, Yu and Shi, Xiaohua and Yan, Junjie},
   title = {Poi: Multiple object tracking with high performance detection and appearance feature},
   booktitle = {European Conference on Computer Vision},
   publisher = {Springer},
   pages = {36-42},
   year = {2016},
   type = {Conference Proceedings}
}

@inproceedings{dla,
   author = {Yu, Fisher and Wang, Dequan and Shelhamer, Evan and Darrell, Trevor},
   title = {Deep layer aggregation},
   booktitle = {Proceedings of the IEEE conference on computer vision and pattern recognition},
   pages = {2403-2412},
   year = {2018},
   type = {Conference Proceedings}
}

@inproceedings{zhang2017citypersons,
   author = {Zhang, Shanshan and Benenson, Rodrigo and Schiele, Bernt},
   title = {Citypersons: A diverse dataset for pedestrian detection},
   booktitle = {Proceedings of the IEEE Conference on Computer Vision and Pattern Recognition},
   pages = {3213-3221},
   year = {2017},
   type = {Conference Proceedings}
}

@inproceedings{sgd,
   author = {Zhang, Sixin and Choromanska, Anna E and LeCun, Yann},
   title = {Deep learning with elastic averaging SGD},
   booktitle = {Advances in neural information processing systems},
   pages = {685-693},
   year = {2015},
   type = {Conference Proceedings}
}

@Article{fairmot,
	title={Fairmot: On the fairness of detection and re-identification in multiple object tracking},
	author={Zhang, Yifu and Wang, Chunyu and Wang, Xinggang and Zeng, Wenjun and Liu, Wenyu},
	journal={International Journal of Computer Vision},
	pages={1--19},
	year={2021},
	publisher={Springer}
}

@inproceedings{zheng2017person,
   author = {Zheng, Liang and Zhang, Hengheng and Sun, Shaoyan and Chandraker, Manmohan and Yang, Yi and Tian, Qi},
   title = {Person re-identification in the wild},
   booktitle = {Proceedings of the IEEE Conference on Computer Vision and Pattern Recognition},
   pages = {1367-1376},
   year = {2017},
   type = {Conference Proceedings}
}

@article{point,
	title={Objects as points},
	author={Zhou, Xingyi and Wang, Dequan and Kr{\"a}henb{\"u}hl, Philipp},
	journal={arXiv preprint arXiv:1904.07850},
	year={2019}
}

@inproceedings{zhou2019bottom,
   author = {Zhou, Xingyi and Zhuo, Jiacheng and Krahenbuhl, Philipp},
   title = {Bottom-up object detection by grouping extreme and center points},
   booktitle = {Proceedings of the IEEE Conference on Computer Vision and Pattern Recognition},
   pages = {850-859},
   year = {2019},
   type = {Conference Proceedings}
}

@inproceedings{zhou2018online,
   author = {Zhou, Zongwei and Xing, Junliang and Zhang, Mengdan and Hu, Weiming},
   title = {Online multi-target tracking with tensor-based high-order graph matching},
   booktitle = {2018 24th International Conference on Pattern Recognition (ICPR)},
   publisher = {IEEE},
   pages = {1809-1814},
   ISBN = {153863788X},
   year = {2018},
   type = {Conference Proceedings}
}

@inproceedings{zhu2019deformable,
   author = {Zhu, Xizhou and Hu, Han and Lin, Stephen and Dai, Jifeng},
   title = {Deformable convnets v2: More deformable, better results},
   booktitle = {Proceedings of the IEEE Conference on Computer Vision and Pattern Recognition},
   pages = {9308-9316},
   year = {2019},
   type = {Conference Proceedings}
}

@Comment{jabref-meta: databaseType:bibtex;}
